4517 5784
1181 437 2654 561 DEDIssATIO.-
2990 477 3240 608 -19'⁵

502 616 778 760 logia
825 605 1179 719 nostra.
1328 606 1598 714 Tuis
1632 607 2124 748 *auspiciis
2173 613 2528 719 eadem
2581 653 2769 726 nec
2818 656 3188 759 pauca,

497 754 1168 862 Astronomiae
1214 748 1548 854 usibus
1593 746 1983 874 dicata,
2061 752 2524 860 visuntur
2574 759 3189 898 inpraeclara

503 892 1084 1001 illaUraniae
1107 925 1332 994 arce
1360 959 1391 1011 ‚
1443 923 1744 1027 quam
1792 889 2497 1032 infigninuper
2528 898 3184 1037 magnificem-
3266 1027 3273 1034 Δ

502 1039 701 1159 tia,
771 1059 1352 1175 quantaque
1402 1027 1830 1134 antchac
1876 1067 2225 1169 regum
2270 1039 2571 1138 nemo
2622 1108 2651 1156 ‚
2742 1042 3181 1146 exaedifi-

497 1171 929 1280 candam
975 1165 1362 1275 curasti.
1510 1171 1766 1300 Qae
1831 1173 2240 1309 quoties
2298 1207 2693 1277 mecum
2756 1214 3177 1318 repnte,
3288 1207 3303 1220 ’

495 1315 819 1432 toties
883 1309 1008 1414 de
1081 1309 1494 1413 fortuna
1562 1308 1856 1442 hujus
1932 1310 2329 1416 inventi
2374 1375 2445 1434 ‚-
2518 1317 2798 1454 quod
2846 1322 2952 1421 in
3002 1351 3177 1427 tua

493 1481 954 1587 tempora
1027 1447 1502 1552 inciderit
1553 1517 1583 1569 ‚
1673 1478 1884 1551 non
1956 1483 2311 1588 parum
2382 1452 2629 1554 mihi
2685 1457 3174 1590 gratulari
3282 1479 3285 1482 ’

494 1587 798 1695 soleo·
943 1585 1178 1692 Nec
1271 1589 1464 1722 jam
1529 1589 1982 1727 requiret
2053 1586 2579 1732 quisquam
2626 1662 2654 1712 ,
2750 1599 3229 1730 opinor,

493 1730 672 1870 qui
737 1756 1226 1868 quantum
1291 1727 1488 1828 tibi
1555 1723 1814 1831 illud
1877 1723 2250 1856 debeat
2312 1729 2821 1868 intelliget
2866 1799 2895 1849 ‚
2989 1773 3192 1840 cur.

490 1868 1248 1973 lucubrationes
1299 1865 1486 2002 has
1506 1935 1534 1985 ‚
1605 1864 1978 2003 quibus
2003 1869 2503 1972 rationem
2527 1869 2739 2000 ejus
2759 1905 3163 1978 omnem

485 2003 1479 2144 descriptionemque
1537 1999 2041 2140 'explicui
2080 2071 2158 2126 ‚‚,.
2221 2003 2641 2144 augusto
2730 2007 3169 2115 Nomini
3228 2061 3237 2070 ·

485 2171 674 2248 tuo
724 2142 1408 2248 inscribendas
1461 2139 1958 2247 duxerim.
2015 2187 2020 2194 ·
2097 2142 2268 2247 Ac
2323 2145 2656 2252 minus
2696 2150 3000 2254 etiam
3052 2151 3162 2253 id

479 2283 1074 2413 mirabitur,
1167 2285 1344 2421 qui
1391 2281 1636 2384 mihi
1690 2273 1743 2402 ,’
1813 2278 1938 2384 ad
1989 2280 2195 2423 haec
2243 2312 2547 2428 atque
2596 2285 2787 2388 alia
2838 2287 3163 2392 medi-

479 2419 846 2552 tanda,
939 2421 1597 2560 tranquillum
1649 2421 1976 2524 otium
2021 2419 2649 2557 benignitate
2700 2452 2871 2529 tua
2916 2461 3164 2530 con-

479 2559 799 2698 tigisse
855 2557 1370 2664 didicerit.
1447 2556 1925 2699 Namque
1973 2564 2074 2664 δε
2122 2559 2469 2694 liujus3
2522 2591 2638 2664 ut
2667 2565 2938 2670 <mihi
2986 2553 3176 2667 ali‘-

480 2729 980 2837 quatenus
1027 2698 1298 2837 apud
1347 2727 1448 2830 te
1505 2703 1772 2802 ratio
1813 2695 2311 2803 constaret
2357 2768 2389 2819 ‚
2488 2699 3167 2806 adnitendum

477 2867 748 2961 crat3
826 2843 930 2940 &
972 2872 1394 2975 quoquo
1444 2834 1758 2940 mo'do
1803 2835 2379 2942 conandum
2426 2907 2455 2958 ‚
2551 2861 2718 2968 ut,
2808 2841 3157 2944 multis

479 2975 1192 3116 continuisque
1237 2979 1302 3082 Ξῖ
1355 2995 1483 3080 te‘
1521 2973 2485 3100 beneficiispaffeftus
2540 2995 2583 3095 ‚'
2666 2979 3159 3082 nonnulla

477 3117 741 3250 grati
785 3115 1092 3218 animi
1133 3110 1863 3249 significatione
1899 3111 2533 3249 defungerer.
2606 3116 3153 3256 Scioequi-

479 3251 713 3355 dem
747 3325 776 3376 ‚
843 3249 1143 3358 rebus
1213 3251 1675 3356 maximis
1715 3319 1743 3369 ‚
1790 3250 2471 3390 negotiisque
2523 3253 2639 3358 iis
2694 3255 3091 3358 intento
3124 3326 3153 3377 ,

474 3424 696 3530 quae
747 3395 852 3494 in
912 3388 1092 3491 illo
1140 3424 1470 3494 return
1521 3385 1908 3525 fastigio
2051 3387 2837 3526 ofitum'agitare
2901 3427 3149 3499 con-

470 3529 773 3636 venit
821 3596 850 3648 ‚
898 3525 1711 3667 'haudquaquam
1760 3424 2425 3629 tibiffiberum
2470 3525 2653 3631 effe
2710 3599 2737 3649 ‚
2830 3561 2945 3633 ut
3015 3530 3144 3633 ad

469 3663 1068 3802 hujusmodi·
1138 3665 2052 3802 contemplationes
2135 3667 2572 3768 animum
2625 3735 2653 3785 ,
2766 3667 3149 3806 alioqui
3252 3675 3266 3698 ²

467 3840 804 3922 rerum
880 3804 1330 3939 omnium
1396 3837 1864 3940 capacem
1915 3867 1944 3918 ‚
2040 3801 2536 3907 advertas.
2602 3843 2613 3862 ¹
2688 3803 2885 3906 Sed
2932 3842 3149 3910 non

467 3942 1094 4048 ideo-minus
1135 3969 1413 4076 grata
1459 3939 1660 4046 haec
1701 3936 1919 4042 fore
1971 4007 1998 4060 ,
2113 3943 2580 4044 minusve
2649 3940 2841 4044 tibi
2907 3977 3150 4080 pro-f

463 4077 826 4186 batum
873 4082 989 4184 iri
1047 4078 1480 4182 arbitror
1536 4149 1564 4200 ‚
1655 4075 1886 4180 Rex
1937 4075 2578 4215 augustiffime
2641 4111 2706 4200 3,
2750 4085 2935 4206 cui
2976 4081 3149 4186 illa

461 4221 905 4326 maxime
948 4215 1338 4354 placere
1385 4216 1906 4348 videmus,
1978 4253 2190 4356 quae
2238 4215 2780 4354 plurimum
2812 4219 3151 4354 publi-

465 4357 1122 4496 cc·prosunt;
1197 4389 1524 4494 neque
1557 4353 1845 4454 aliud
1896 4357 2208 4492 magis
2264 4390 2521 4468 curae
2561 4353 2795 4476 effe,
2921 4391 3149 4460 uam

327 4527 330 4530 ’
461 4527 590 4605 ut
654 4531 916 4604 nova
991 4497 1609 4599 incrementa
1656 4487 2495 4736 sumantgptimae
2541 4392 3149 4632 discipqinae’

715 4639 741 4662 Ἰ
1391 4667 1396 4673 ·
2235 4671 2292 4736 2
2955 4661 3151 4734 no·-
