4517 5784
769 474 1548 569 HOR‘OLOG·
1638 465 2667 573 'OSCILLATORss
2942 522 3103 613 1¹9

783 694 2701 831 DEFINITIONES.

1719 922 1800 1027 1.

391 1084 676 1313 PE
662 1082 1050 1189 ndulum
1088 1083 1468 1191 dicatur
1484 1085 1828 1224 figura
1869 1086 2302 1222 qualibet
2317 1113 2829 1225 gravitate
2840 1114 3087 1230 prce

576 1230 819 1345 dita,
861 1225 1080 1359 sve
1126 1225 1378 1331 linea
1411 1226 1782 1357 fuerit,
1825 1224 2043 1355 sve
2036 1226 2641 1367 fitperfictes,
2700 1226 2905 1361 live
2924 1234 3078 1365 [ὸ-

398 1370 730 1490 lidum,
789 1392 930 1469 1ta
947 1364 1082 1505 s
1023 1362 1408 1503 spensa
1465 1391 1574 1467 ut
1623 1369 1873 1472 circa
1914 1374 2344 1504 punblum
2400 1368 2834 1503 aliquod,
2912 1376 3090 1475 vel

393 1544 672 1615 axem
701 1508 1015 1645 potius
1052 1575 1081 1628 ,
1151 1540 1313 1645 qut
1299 1502 1618 1644 plano
1663 1504 2158 1610 horizontis
2177 1504 2707 1666 parallelus
2782 1510 3067 1612 intel-

393 1649 784 1805 ligitur,
873 1671 1220 1749 motum
1279 1647 1840 1783 reciprocum
1893 1646 2000 1749 vi
2047 1671 2585 1785 gravitatis
2596 1647 2812 1782 sttae
2854 1683 3065 1754 con-

389 1793 772 1893 tinuare
801 1780 1026 1923 poff
1017 1810 1088 1886 t
1645 1922 1694 2027 I
1765 1922 1840 2030 I

531 2064 780 2171 Axis
825 2059 984 2165 ille
1012 2058 1506 2164 horizontis
1541 2061 1822 2197 plano
1859 2060 2381 2201 parallelus
2412 2132 2437 2183 ,
2510 2066 2761 2171 circa
2784 2068 3057 2201 quem

168 2178 176 2185 ’
375 2202 767 2343 penduli
811 2226 1102 2306 motus
1121 2200 1358 2391 fieri
1398 2200 2033 2341 intelligitur,
2099 2204 2479 2308 dicatur
2500 2208 2741 2309 axis
2760 2204 3057 2343 Oscil-

390 2341 903 2448 cillation'is.

1586 2479 1634 2583 Ι
1703 2478 1750 2583 1
1824 2478 1900 2581 1

531 2641 1045 2746 Pendulum
1077 2636 1478 2775 simplex
1529 2639 1908 2743 dicatur
1951 2640 2203 2779 quod
2211 2640 2387 2776 filo
2422 2638 2595 2743 vel
2627 2641 2958 2745 linea
2920 2677 3071 2744 m-

373 2778 691 2911 flexili
734 2848 766 2899 ,
827 2780 1364 2917 gravitatis
1425 2801 1892 2914 experte,
1967 2780 2380 2905 constare
2433 2780 3007 2919 intelligitur
3036 2850 3071 2901 ,

3111 836 3383 889 11111111

391 2922 578 3021 ima
625 2918 802 3055 sta·
864 2940 1144 3053 parte
1206 2916 1554 3053 pondus
1597 2918 1978 3073 affixum
2015 2942 2473 3053 gerente3
2558 2954 2817 3051 cujus
2829 2942 3062 3051 pon
3160 2964 3170 2973 ·

388 3060 632 3160 deris
683 3058 1192 3192 gravitas,
1301 3055 1568 3157 velut
1625 3058 1722 3157 in
1803 3090 2080 3159 unum
2113 3061 2555 3192 pandum
2630 3056 3067 3177 collec‘la,

387 3194 828 3335 censt’nda
873 3192 1027 3325 est
1581 3328 1627 3437 Ι
1697 3330 1862 3441 V

509 3492 1030 3599 Pendulum
1079 3526 1308 3597 vero
1344 3489 1911 3630 compositum
1942 3558 1970 3609 ,
2063 3490 2315 3628 quod
2333 3486 2773 3631 pluribus
2820 3512 3053 3628 pon·-

385 3631 759 3740 deribus
780 3628 1158 3763 constat,
1214 3629 1835 3737 immutabiles
1875 3528 2364 3761 distantias
2380 3628 3049 3765 servantibus,

379 3803 580 3879 tum
623 3773 1070 3904 interse,
1137 3793 1336 3869 tum
1365 3768 1484 3873 ab
1508 3806 1693 3873 axe
1717 3770 2373 3905 Oscillationis
2444 3771 2687 3869 Hinc
2724 3766 3055 3897 figura

375 3908 986 4054 quaelibetu
849 3900 1364 4044 suspensa,
1451 3941 1562 4009 ac
1614 3906 2124 4047 gravitate
2153 3903 2627 4045 praedita,
2681 3900 3047 4043 pendu-

377 4058 578 4158 lum
655 4082 834 4150 com
836 4043 1218 4182 ostam
1306 4046 1487 4149 dici
1526 4044 1875 4184 potest,
1961 4072 2437 4187 quatenus.
2476 4045 2893 4188 cogitatu
2941 4045 3051 4147 in

355 4217 696 4339 partes
739 4072 1190 4323 quotlibet
1229 4184 1352 4319 est
1397 4180 1914 4324 divtfibilis

1641 4348 1768 4456 V

516 4488 936 4605 Pendula
980 4485 1268 4621 isocbr
1273 4520 1446 4595 ona
1489 4512 1988 4629 vocentur,
2077 4513 2467 4625 quorum
2517 4475 3051 4623 Oscillatioss

2834 4646 2993 4720 nes
3015 4688 3057 4751 ,
