4517 5784
705 410 1574 549 'HoRoLoG.
1693 448 2679 539 OSCILLATOR.
2970 490 3121 579 117

401 619 576 687 rum
610 608 794 707 quae
837 624 940 679 ex
989 586 1632 705 paraboloidibus
1673 586 2092 669 nascuntur
2135 583 2797 675 constructionem
2832 657 2859 699 ‚
2959 602 3105 683 du-
3135 621 3217 669 οι
3246 638 3449 677 mn..

403 710 674 795 cendae
699 706 886 817 *ssint
920 707 1148 790 lineae
1192 705 1273 787 D
1318 704 1386 785 Β
1438 700 1510 781 Ζ
1535 757 1561 798 ,
1621 726 1800 809 quoe
1843 698 1946 781 ad
1984 698 2270 782 datum
2310 701 2697 811 punctum
2725 706 2793 787 B
2840 706 3098 797 secent
3122 694 3415 801 3335*

402 849 682 908 curvas
723 824 802 905 A
842 820 910 904 B
953 875 980 918 ,
1078 816 1236 901 five
1279 814 1618 926 ipsarum
1659 830 2066 924 tangentes
2110 812 2176 894 B
2221 811 2309 893 H
2357 873 2379 905 ,
2461 814 2561 895 ad
2600 818 2935 929 angulos
2974 852 3085 907 re·
3114 817 3419 919 :31:²²⁹“0’

403 936 570 1019 &os
605 981 634 1034 3
725 933 1078 1017 dicemus
1137 929 1222 1010 in
1280 924 1728 1010 universum
1788 926 2204 1033 quomodo
2259 923 2385 1006 hae
2424 945 2829 1039 tangentes
2873 933 3090 1020 inve.

406 1048 740 1132 niantur.
803 1046 899 1127 In
939 1040 1384 1151 aequatione
1425 1036 1750 1148 itaque,
1789 1062 1969 1145 quae
2007 1040 2391 1147 cujusque
2434 1066 2692 1123 curvae
2736 1065 3089 1135 naturam

402 1158 750 1271 explicat
790 1221 818 1259 ,
895 1152 1166 1264 quales
1224 1151 1707 1259 aequationes
1767 1147 2070 1231 duabus
2112 1148 2419 1232 tabellis
2458 1156 3083 1259 praecedentibus

400 1291 968 1381 exponuntur²
1035 1260 1520 1351 considerare
1559 1278 1881 1371 oportet
1917 1286 2101 1370 quae
2152 1260 2299 1343 fint
2334 1287 2821 1374 exponentes
2858 1294 3084 1379 pote-

400 1379 688 1463 statum
727 1406 782 1461 x
827 1388 906 1463 δε
926 1403 1030 1488 y,
1087 1382 1168 1459 &
1209 1371 1470 1456 facete
1510 1393 1600 1454 ut
1637 1434 1665 1475 ‚
1747 1368 1946 1457 ficut
1981 1372 2390 1483 exponens
2435 1377 2837 1485 potestatis
2876 1409 2941 1460 x
2977 1385 3079 1467 ad

397 1511 926 1603 exponentem
971 1483 1376 1601 potestatis
1405 1510 1458 1596 y
1479 1550 1506 1591 ,
1561 1485 1674 1568 ita
1716 1480 1810 1565 fit
1850 1484 1902 1565 S
1943 1481 2032 1567 K
2068 1484 2172 1565 ad
2217 1483 2304 1569 K
2347 1484 2462 1569 H.
2540 1486 2835 1599 Junsta
2870 1496 3083 1579 enim

399 1604 492 1686 H
539 1604 622 1685 B.
650 1628 972 1689 curvam
1009 1600 1094 1680 in
1135 1599 1202 1680 B
1247 1598 1686 1708 continget.
1771 1595 2026 1683 Velut
2070 1596 2156 1680 in
2193 1598 2423 1679 tertia
2464 1596 3035 1711 hyperboloide
3058 1667 3088 1707 ‚

403 1717 621 1824 cujus
658 1711 1004 1825 aequatio
1041 1708 1150 1794 est
1193 1736 1253 1789 x
1279 1716 1378 1819 y²
1440 1749 1486 1799 a
1532 1734 1582 1791 a
1611 1722 1675 1789 ³:
1751 1708 1944 1814 quia
1978 1732 2384 1819 exponens
2426 1708 2840 1818 potestatis
2870 1744 2931 1797 x
2974 1718 3090 1801 est

408 1854 443 1909 1
473 1882 502 1923 ‚
619 1824 970 1908 otestatis
1008 1842 1266 1905 autem
1304 1846 1344 1923 y
1384 1845 1792 1932 exponens
1836 1846 1877 1900 2
1907 1863 1932 1919 3
1990 1840 2312 1930 oportet
2350 1818 2501 1903 esse
2538 1844 2629 1908 ut
2672 1852 2707 1906 1
2756 1827 2862 1908 ad
2898 1856 2935 1910 2
2980 1832 3094 1912 ita

401 1938 453 2022 S
513 1854 616 2019 Ιὲ
663 1938 770 2021 ad
829 1934 917 2019 K
973 1933 1089 2019 H.
1204 1931 1527 2015 Horum
1581 1951 1840 2013 autem
1894 1930 2638 2017 demonstrationem
2698 1963 3097 2024 noverunt

397 2047 809 2162 analyticae
857 2046 1044 2129 artis
1085 2044 1318 2155 periti
1337 2106 1370 2149 ,‚
1421 2046 1567 2153 qui
1601 2048 1761 2153 jam
1805 2042 2108 2155 pridem
2145 2070 2415 2126 omnes
2452 2043 2585 2129 has
2612 2042 2867 2153 ‘lineas
2902 2081 3100 2137 con·

399 2160 768 2272 templati
831 2176 1254 2267 coeperunt
1295 2195 1322 2253 3
1393 2163 1472 2240 ὃ(
1535 2182 1698 2237 non
1757 2152 2006 2237 solnm
2071 2154 2667 2265 paraboloidum
2720 2160 3042 2247 istarum
3063 2221 3096 2264 ,
3222 2236 3227 2260 ,

400 2272 535 2355 sed
582 2279 666 2357 &
707 2270 1134 2383 spatiorum
1173 2265 1682 2376 quorundam
1721 2264 2211 2353 infinitorum
2232 2321 2263 2364 ‚
2335 2270 2538 2351 inter
2580 2269 3091 2383 hyperboloi-

397 2385 534 2468 des
597 2390 680 2465 ὅτ
743 2379 1230 2492 asymptotos
1286 2378 1874 2487 interjectorum
1913 2441 1944 2482 ,
2029 2376 2267 2489 plana
2303 2377 2717 2490 solidaque
2763 2384 3128 2472 dimenfi'

395 2496 598 2579 sunt.
725 2492 982 2597 Qlod
1023 2490 1350 2601 quidem
1387 2497 1470 2569 &
1493 2516 1656 2573 nos
1678 2546 1706 2587 ‚
1778 2488 1997 2573 facili
2035 2509 2279 2598 atque
2320 2491 2742 2574 universali
2776 2496 3089 2579 metho-

399 2610 512 2691 do
530 2661 561 2705 ‚
619 2602 994 2716 expedire
1037 2599 1426 2711 poss'emus
1445 2661 1474 2701 ,
1527 2626 1630 2679 ex
1675 2598 1834 2681 sola
1867 2600 2360 2709 tangentium
2382 2602 2863 2712 proprietate
2882 2606 3085 2695 sum.-

398 2740 540 2832 pta
578 2711 1256 2802 demonstratione.
1340 2708 1499 2801 Sed
1533 2708 1668 2793 illa
1709 2738 1870 2799 non
1912 2708 2094 2797 sunt
2131 2708 2361 2825 hujus
2404 2711 2596 2799 loci„

266 2930 276 2941 ·
387 2934 3095 3057 &ae&&&ffi&&*a}aeaeaeffiaeffiae&ffifflaeaete

461 3172 1565 3305 HoRoLoGn
1723 3108 3049 3307 osc‘iLLAToRn

1010 3417 1490 3525 PARS
1615 3418 2447 3563 ,QUARTA

1132 3636 1292 3733 De
1349 3660 1668 3737 centro
1715 3630 2377 3771 Ostillati'onis.

617 3824 1052 3914 Entrorum
1086 3820 1636 3906 Oscillationis
1663 3876 1690 3917 ‚
1763 3822 1892 3905 seu
1953 3824 2433 3935 Agitationis
2454 3878 2481 3923 ,
2542 3824 3083 3938 investigatio·-

499 3960 522 3971 ‘
618 3966 794 4024 nem
817 3936 1010 4021 olim
1051 3934 1297 4041 mihi,
1351 3930 1513 4017 fere
1532 3934 1792 4017 adhuc
1839 3960 2090 4043 puero
2115 3998 2146 4037 ‚
2197 3932 2527 4046 aliisque
2566 3936 2832 4021 multis
2858 4001 2883 4040 ,
2938 3938 3097 4019 do-

385 4056 778 4139 stiffimus
813 4045 1282 4131 Mersennus
1325 4074 1473 4158 pro
1587 4046 1794 4150 suit,
1849 4042 2152 4133 celebre
2193 4045 2625 4133 admodum
2648 4052 2847 4133 inter
2868 4048 3103 4137 illius.

383 4162 788 4275 temporis
825 4158 1290 4247 Geometras
1330 4184 1480 4271 pro
1534 4154 1790 4254 lema,
1903 4177 2088 4241 tout
2133 4184 2240 4241 ex
2281 4158 2569 4245 litteris
2608 4166 2773 4272 ejus
2811 4162 2919 4243 ad
2956 4188 3087 4245 me

258 4336 267 4341 -
378 4280 594 4363 datis
639 4269 832 4355 colli
890 4298 943 4351 o
967 4323 994 4364 ,
1045 4297 1188 4353 nec
1227 4296 1388 4355 non
1426 4298 1530 4354 ex·
1572 4270 1819 4356 Carte
1853 4270 1914 4352 1i
1951 4268 2165 4355 haud
2278 4270 2527 4355 tidem
2551 4268 2787 4355 editis
2806 4326 2852 4367 ,.
2894 4268 3079 4378 qui-

383 4394 532 4481 bus
591 4383 694 4468 ad
866 4376 1344 4463 ersennianas
1401 4378 1632 4493 supet
1672 4380 1792 4463 his
1835 4382 2062 4464 rebus
2103 4408 2182 4461 re
2223 4378 2556 4489 ponsum
2596 4381 3089 4463 continetur..

377 4492 839 4625 Postulabat
875 4512 1144 4584 autem
1191 4511 1470 4579 centra.
1497 4490 1645 4575 illa
1701 4512 1796 4579 ut
1831 4490 2275 4689 invenire?
2306 4489 2399 4717 {n
2442 4490 2721 4645 circuli
2764 4490 3093 4689 seffizig*

2280 4664 2285 4672 '
3042 4660 3085 4701 2·
