4517 5784
1333 439 1412 550 ει
1497 475 1542 554 -,
1640 447 1690 534 ἡ,
1859 441 2788 544 oHR1sT1AN1
2856 449 3512 560 HUGENH

1217 609 1226 618 ’
1335 611 1754 706 Nimirum
1799 609 2289 712 fallentibus
2356 617 2789 822 emydas
2863 637 3443 751 antemnisque
3492 635 4027 769 quibuslib'BQ

1341 753 1525 838 quae
1564 727 1768 812 inter
1805 724 2385 814 observandum
2421 788 2423 790 ψ
2589 734 2786 822 'bere
2820 743 3386 835 consueverant
3404 817 3433 859 ‚
3490 759 3837 872 tandem,
3877 769 4025 854 do-

1342 857 1574 922 cente
1612 841 1958 952 primum
1996 840 2206 930 Viro
2244 841 2723 956 sagaciffimo
2778 850 3095 940 Gahleo
3135 858 3431 950 Galilei
3466 930 3495 974 ,
3581 870 3794 962 hunc
3818 874 4033 984 ‘mo-L

1343 951 1542 1034 dum
1577 953 1930 1054 inierunt
1965 1008 1996 1050 ,
2089 973 2182 1040 ut
2221 956 2271 1037 ὲ
2306 959 2931 1054 catenula-tenui
2966 972 3283 1080 pondus
3321 981 3749 1090 appensum
3784 1019 4029 1108 manu

1337 1062 1832 1176 impellerent
1850 1129 1881 1171 ‚
1913 1067 2156 1175 cujus
2195 1066 2765 1157 vibrationibus
2801 1075 3131 1192 fingulis
3169 1084 3688 1182 dinumeratis
3725 1111 3789 1209 ,²
3835 1113 4027 1224 toti-3
4106 1181 4109 1184 ,
4142 1119 4175 1175 .’

1333 1175 1522 1260 dem
1556 1178 2144 1293 colligerentur⁸
2160 1179 2498 1293 aequalia
2534 1203 2695 1284 tem
2761 1191 2917 1294 oris
2955 1219 3399 1300 momenta„
3489 1205 3677 1292 Hac
3712 1219 4028 1326 methoq

1271 1277 1274 1280 ⁴
1333 1287 1449 1370 do
1509 1288 2128 1380 Observationes
2190 1283 2626 1406 Eclipfium
2758 1303 3205 1416 rupuloijus
3266 1340 3509 1423 quam
3544 1344 3771 1410 antea
3805 1327 4030 1444 pere-³

1328 1427 1569 1514 gere,
1625 1402 1994 1515 Solisque
2028 1405 2221 1490 item
2259 1405 2739 1497 diametrum
2776 1477 2805 1521 ,
2882 1425 2965 1502 ὃς
3006 1418 3424 1512 Stellarum
3462 1430 3863 1526 distantias
3898 1449 4025 1533 di.

1329 1510 2000 1600 me'nfi'sunt‘non
2035 1516 2476 1606 infeliciter.
2563 1525 2723 1608 Sed
2761 1549 3289 1646 praeterquam
3332 1545 3561 1650 quod
3602 1548 4023 1647 deficiebat

1325 1623 1748 1711 necessario
1766 1629 2295 1742 pendulorum
2330 1653 2591 1720 motus
2612 1701 2639 1741 ,
2694 1635 2836 1722 nifi
2882 1644 3259 1733 adstantis
3296 1649 3541 1764 opet'a
3573 1657 4015 1757 identidem

1319 1736 1728 1846 juvaretur
1762 1804 1791 1848 ,
1867 1742 2241 1826 taediosus
2274 1743 2591 1858 insuper
2627 1747 2846 1836 labor
2878 1757 3264 1858 evadebat
3302 1821 3330 1862 ‚
3403 1789 3675 1855 omnes
3736 1806 4013 1869 eorum

1325 1849 1976 1966 itusreditusque
2013 1857 2651 1960 numerantibus,
2724 1865 2858 1946 cui
2896 1867 3073 1951 sane
3104 1871 3427 1988 integris
3468 1883 3827 1974 noffibus
3864 1898 4019 1978 mi.

1213 2047 1216 2050 ,
1324 1959 1968 2076 ταδίΙὶΡαῐίεῐιῑία
2007 1967 2432 2058 nonnullos
2468 1972 2903 2087 invigilasse
2923 2041 2949 2082 ‚
3007 1979 3194 2092 ipfis
3237 1990 3780 2105 prodent-ibus,
3816 2033 4011 2091 con..

1320 2070 1495 2156 stat.
1573 2075 1764 2160 Nos
1805 2097 2066 2162 autem
2103 2081 2787 2193 aequabiliffimum
2822 2086 3075 2174 hocce
3100 2099 3351 2210 'genus
3390 2125 3657 2190 motus
3692 2139 4007 2203 cernen-

1322 2203 1440 2266 tes
1456 2248 1487 2290 ,
1541 2214 1632 2270 ac
1673 2188 1924 2273 veluti
1964 2193 2284 2275 unicum
2325 2193 2411 2274 in
2454 2222 2711 2280 rerum
2746 2219 3022 2284 natura
3058 2205 3384 2317 datum,
3438 2220 3665 2324 quod
3696 2224 3800 2306 ad
3821 2229 4005 2316 Me..

1171 2303 1174 2306 ’
1315 2296 1728 2385 chanicam
1783 2301 2442 2387 constrilffionem
2505 2305 2761 2426 poffet
2822 2313 3127 2398 traduci
3164 2372 3195 2423 ,
3272 2326 3775 2432 quaesivimus
3834 2366 4004 2449 quo
4106 2351 4117 2360 '

1309 2407 1552 2518 paeto
1593 2411 1750 2498 hoc
1789 2413 2042 2525 ipsum
2076 2416 2514 2520 brevissime
2550 2419 2847 2532 affequi
2882 2423 3163 2538 liceret,
3190 2494 3221 2536 ,
3294 2453 3536 2547 atque
3590 2442 3707 2526 ita
3759 2475 4002 2540 reme-

1306 2517 1536 2604 dium
1570 2523 1924 2616 invenire
1963 2529 2285 2640 gemino
2326 2531 2555 2642 quod
2590 2532 2999 2652 retulimus
3038 2539 3573 2632 incommodo.
3630 2557 3757 2639 Ac
3792 2567 3999 2648 mul.

1307 2649 1392 2710 ta
1425 2629 1734 2719 fabricae
1775 2640 2154 2725 varietate
2191 2642 2465 2726 animo
2499 2647 2879 2758 perpensa
2919 2713 2949 2756 ,
3020 2649 3226 2738 hanc
3262 2658 3606 2776 denique
3640 2723 3669 2767 ,
3748 2699 3997 2790 quam

1306 2741 1690 2856 deinceps
1748 2750 2120 2836 tradituri
2177 2752 2343 2836 sum
2354 2783 2447 2839 us
2478 2818 2506 2861 ,
2582 2780 2676 2841 ut
2713 2764 3011 2845 caeteris
3053 2764 3490 2877 planiorem
3521 2773 3995 2876 faciliorem...

1303 2879 1469 2964 que
1508 2854 1937 2972 selegimus.
2049 2866 2244 2975 Qia
2296 2889 2672 2981 percepta
2728 2879 2813 2956 &c
2869 2873 2953 2958 in
2990 2877 3403 2988 publicum
3436 2913 3683 3000 porro
3720 2902 3990 3008 priva-⁴

1301 2983 1638 3082 tumque
1670 2972 1899 3061 usum
1919 3036 1947 3079 ,
2003 2973 2199 3060 ficut
2226 2981 2391 3088 jam
2430 2979 2599 3064 fieri
2636 2985 2897 3097 coepit
2917 3049 2945 3092 ,
2998 2993 3377 3082 conversa
3411 3059 3443 3104 ,
3512 3004 3617 3088 ad
3673 3013 3987 3104 univer-

1299 3075 1424 3160 sos
1451 3131 1468 3136 -
1490 3083 1817 3208 quidem
1875 3085 2007 3169 hic
2063 3088 2365 3174 frua-us
2418 3093 2887 3183 redundabit
2920 3164 2951 3206 ,
3043 3108 3271 3215 quod
3331 3109 3929 3230 horologiorum
3948 3197 3979 3242 ‚

1295 3191 1703 3277 euminter
1719 3195 1796 3276 se
1813 3247 1842 3291 ,
1889 3217 2062 3278 tum
2085 3211 2271 3280 cum
2312 3203 2499 3284 Sole
2534 3207 2757 3316 ipso,
2794 3231 3143 3316 quantus
3186 3243 3597 3332 nunquam
3614 3237 3978 3352 antehac,

1293 3296 1460 3384 imo
1493 3325 1862 3414 quantus
1881 3327 2125 3422 ‘pene
2162 3311 2427 3420 optari
2466 3314 2718 3426 posset
2738 3375 2769 3418 ,
2825 3319 3239 3412 consensus
3280 3336 3979 3443 animadvertetun

1288 3409 1745 3501 Astronomi
1783 3437 1979 3516 vero
2015 3419 2104 3502 id
2142 3421 2723 3536 consequentur
2741 3493 2770 3534 ,
2825 3451 2918 3516 ut
2955 3433 3175 3520 nulla
3204 3441 3538 3552 posthac
3558 3455 3977 3566 agitando-

1283 3547 1465 3610 rum
1519 3529 2267 3640 perpendiculorum
2324 3536 2681 3623 molestia
2716 3596 2741 3638 ,
2818 3554 3383 3640 numerandive
3420 3558 3973 3688 solicitudine,

1211 3649 1216 3654 ’
1285 3637 1548 3724 &illa
1583 3642 1848 3726 omnia
1883 3665 2387 3774 exequantur
2418 3659 2461 3749 ',
2534 3679 2877 3762 quorum
2911 3659 3160 3770 paulo
3196 3689 3377 3755 ante
3414 3681 3911 3775 meminimus
3930 3749 3964 3794 ,

1285 3755 1372 3830 δε
1413 3749 1566 3834 alia
1589 3751 1760 3856 ‚inis
1797 3752 2200 3854 subtiliora
2222 3822 2248 3863 ,
2304 3760 2551 3956 i¹psam
2591 3787 2787 3874 puta
2823 3770 3138 3857 dierum
3174 3777 3289 3862 de
3310 3788 3641 3874 meridie
3674 3795 3759 3878 in
3796 3827 3961 3886 me.

1279 3858 1565 3948 ridiem
1600 3867 1684 3961 in
1815 3869 2267 3977 ualitatem‚
2356 3896 2809 3982 crutentu13
2868 3909 3111 3994 quam
3144 3891 3615 4010 quinegaoe
3632 3909 3957 4022 audent,
4086 3979 4091 3984 .

1274 3973 1578 4061 ratione
1633 3977 1689 4062 h
1815 4009 2004 4068 enus
2053 3987 2299 4100 magis
2340 4013 2582 4096 quam
2621 4013 2836 4092 certa
2869 3997 3351 4108 experientia
3384 4007 3705 4100 refutati
3748 4021 3957 4113 sunt.
4054 4081 4063 4088 -

1204 4086 1213 4097 '
1277 4075 1408 4168 Ut
1453 4091 1618 4200 jam
1673 4092 1799 4176 de
1845 4093 2484 4208 Longitudinum
2522 4155 2551 4199 ‚
2625 4129 2867 4212 quam
2906 4134 3200 4195 vocant
3220 4169 3249 4213 ‚
3324 4117 3639 4210 scientia
3688 4131 3953 4226 dicere

1264 4198 1675 4286 omittam:
1735 4231 1916 4316 qua:
1957 4206 2016 4295 fi
2055 4236 2408 4322 unquam
2448 4215 2797 4299 extitura
2835 4215 2949 4301 est
2969 4285 2995 4326 ,
3052 4221 3731 4354 desideratamque
3774 4270 3947 4335 tan-

1268 4309 1545 4422 topere
1582 4306 1813 4400 usum
1849 4317 2106 4404 cursui
2143 4322 2689 4436 navigantium
2712 4332 3179 4442 praebitura,
3232 4367 3394 4426 non
3410 4346 3663 4458 aliter,
3698 4384 3944 4468 quam

1252 4421 1502 4508 vestis
1558 4455 1698 4539 per
1753 4457 1966 4516 mare
2003 4433 2614 4570 egrquifitiflimis
2650 4461 2895 4554 atque
2932 4450 3156 4531 omni
3191 4481 3449 4540 errore
3487 4469 3755 4550 vacuis
3794 4471 3947 4562 ho.

1253 4535 1586 4652 rologiis
1606 4604 1641 4650 ,
1691 4541 1780 4630 id
1817 4543 2151 4660 obtineri
2189 4546 2411 4666 poss'e
2427 4611 2457 4658 ,
2514 4551 2751 4676 multi
2771 4555 3193 4692 ‚nobi-scum
3228 4566 3686 4663 existimant.
3774 4584 3943 4672 Vc..
4156 4679 4159 4682 ,
