4517 5784
655 400 2513 529 ··⁸··‡:···⁴H0R·0L0G·1·u-M.
2769 462 2779 471 -
2910 498 2923 507 ,
3060 450 3175 534 ,ις

467 585 620 671 *νεὶ
673 586 775 669 ad
833 580 1172 697 duplum
1233 586 1590 698 pondere
1643 596 1722 669 ’Δ
1759 608 1790 688 ’,
1867 609 2030 665 non
2068 603 2484 695 propterea
2520 582 2853 695 penduli
2888 534 3154 671 motus

479 696 948 781 acceleretur
983 760 1008 801 ‚
1084 718 1225 780 aut
1263 696 1659 808 horologii
1692 694 1955 778 cursus
1994 694 2361 799 alteretur
2399 757 2425 797 ,
2498 696 2726 806 quod
2762 698 2845 779 in
2890 702 3147 781 omni-

477 808 618 889 bus
650 808 820 892 aliis
861 809 1242 893 haEtenus
1281 807 1572 891 usitatis
1612 806 1830 889 secus
1869 806 2184 889 accidit.
2264 806 2618 917 Alteram
2758 808 2986 892 nduli
3024 810 3141 891 in-

451 919 1009 1049 .aequalitate1n
1027 984 1054 1025 ‚
1114 920 1262 1005 Vir
1279 915 1798 1013 Astronomiae
1822 917 2094 1046 studiis
2115 916 2371 1001 clarus
2391 981 2417 1021 ,
2449 918 2641 1045 ‘Goot
2698 918 2843 1022 er.
2886 920 3143 1004 Wen-

441 1028 2589 1253 {32²¹}ss{51231’22'?¹¹e⁵j41⁸id{2l⁰}2ffiu‘i'ipsse‘isszioffiffi‘i?
2619 1056 3145 1233 Ξῑὲἶῖἷῗῖἑὲἓ

473 1249 824 1361 hyemali
879 1274 1236 1378 tempore
1312 1280 1558 1365 quam
1620 1250 1898 1335 aestivo
1952 1254 2202 1363 idque
2275 1250 2602 1336 notabili
2673 1244 3141 1345 differentia.
3227 1335 3237 1344 „

473 1360 642 1445 Sed
715 1378 1086 1474 quomam
1160 1393 1250 1447 1n
1325 1393 1426 1447 eo
1505 1365 1861 1447 examine
1916 1366 2258 1447 arenaria
2315 1385 2621 1447 tantum
2680 1366 3101 1479 horologia
3118 1438 3151 1479 ‚

472 1472 988 1585 vulgariaque
1023 1495 1428 1559 automata
1466 1473 1617 1563 sese
1658 1474 2094 1558 adhibuisse
2128 1473 2424 1557 fatetur
2460 1540 2489 1578 ,
2564 1504 2743 1559 curn
2802 1478 3150 1565 scioteri-

467 1583 585 1665 cis
604 1644 626 1675 ,
689 1582 998 1669 fortasse
1037 1614 1220 1699 non·
1240 1584 1476 1697 nimia
1511 1614 1698 1669 cura
1740 1584 2152 1695 descriptis
2171 1632 2198 1686 3
2276 1586 2505 1669 multi
2549 1650 2575 1690 ,
2652 1616 2890 1699 quam
2937 1596 3152 1680 reste

471 1693 554 1775 se
612 1693 932 1781 haberet
987 1697 1156 1781 haec
1210 1697 1446 1810 ipfius
1486 1694 1926 1780 observatio
1968 1753 1995 1794 ‚
2065 1697 2551 1783 dubitarunt.
2678 1701 2896 1783 Mihi
2938 1729 3151 1789 certe

466 1802 674 1887 nihil
710 1810 1098 1917 ejusmodi
1133 1808 1357 1892 licuit
1396 1808 2030 1892 animadvertere.
2136 1810 2363 1917 Quin
2402 1830 2673 1892 contra
2692 1875 2718 1915 ,
2776 1820 2858 1894 &
2896 1816 3151 1899 mino-

467 1916 682 2001 ribus
723 1919 1217 2032 horologiis,
1272 1921 1561 2032 quibus
1597 1916 2068 2029 semipedale
2103 1916 2216 2001 est
2257 1920 2703 2030 pendulum
2744 1921 2778 2018 ,⁸
2846 1932 2929 2008 δε
2987 1954 3153 2014 ma.

457 2027 760 2137 joribus
805 2093 832 2134 ‚
905 2030 988 2111 in
1029 2032 1315 2140 quibus
1365 2056 1474 2137 24
1501 2026 1666 2111 fere
1701 2029 1943 2139 pedes
1981 2050 2248 2137 aequat
2274 2080 2341 2136 ·‚..
2390 2032 2710 2117 eandem
2752 2060 3147 2149 perpetuo

463 2139 1053 2252 longitudinem
1078 2197 1106 2240 ,
1160 2142 1454 2224 brumae
1493 2158 1853 2247 tempore
1880 2165 1974 2249 ac
2010 2136 2271 2223 aestate
2308 2142 2567 2225 media
2604 2201 2631 2241 ‚
2711 2147 3149 2233 couvenire

462 2272 845 2362 expertus
906 2250 1092 2333 sum.
1168 2254 1402 2362 ,Quae
1439 2248 1870 2364 longitudo
1909 2248 2182 2332 saltem
2220 2248 2547 2366 septima
2586 2254 2701 2338 sui
2734 2250 2956 2368 parte
2998 2290 3145 2372 per

464 2476 770 2585 opinio.
1121 2571 1133 2583 ἱ
2450 2553 2496 2572 ,,

583 2584 885 2669 Ass‘erta
933 2574 1179 2699 igitur
1221 2586 1334 2670 '&.
1377 2581 1526 2669 ha'c
1588 2585 1673 2668 in
1731 2608 1955 2695 parte
2016 2592 2421 2676 automati·
2458 2590 2699 2673 nostri
2736 2614 2999 2677 motus
3040 2624 3153 2677 ae-

463 2696 932 2807 quabilitate
996 2708 1076 2783 &
1139 2696 1572 2787 constantia
1607 2763 1634 2804 ‚
1706 2697 1948 2783 finem
1997 2703 2158 2811 jam
2213 2700 2733 2813 ‚descriptioni
2787 2705 3144 2815 impone-

1151 2492 1163 2499 ι

455 2834 683 2906 mus3
741 2810 988 2894 multa
1026 2834 1209 2919 quae
1249 2809 1369 2892 his
1411 2810 1607 2917 addi
1643 2809 2417 3001 praetereafi'poffenss
2473 2814 2862 2898 artificum
2904 2818 3139 2901 indu·
3242 2886 3249 2891 .

455 2916 666 3000 striae
708 2922 1294 3029 relinquentes,
1347 2921 1495 3030 qui
1536 2920 1982 3009 rationemi
2047 2924 2267 3003 venti
2302 2924 2532 3033 hujus
2567 2918 2830 3009 edoffi
2874 2992 2898 3031 ,
2974 2959 3137 3013 non

457 3029 804 3113 difficile·
855 3031 1239 3140 reperient
1296 3056 1466 3139 quo
1524 3009 2020 3137 patto-“sssud
2060 3032 2254 3113 varii
2298 3035 2599 3145 generis
2644 3036 3084 3149 horologiis
3109 3108 3139 3147 ,

461 3162 704 3254 atque
762 3144 856 3223 iis
920 3142 1156 3225 etiam
1212 3168 1398 3251 quae
1456 3139 1768 3248 pridem
1826 3141 1929 3223 ad
1980 3162 2321 3224 veterem
2378 3142 2709 3227 formam
2764 3146 3139 3236 fabricata

459 3249 694 3357 sunt,
747 3252 1128 3366 applicari
1161 3270 1421 3359 queat.
1483 3248 1674 3331 Nos
1715 3250 2040 3360 quidem
2075 3254 2299 3361 apud
2336 3282 2520 3335 eum
2548 3313 2575 3352 ‚
2629 3260 2852 3367 cujus
2894 3290 2948 3341 ο
3006 3292 3139 3348 era

455 3363 802 3473 primum
837 3366 922 3447 in
962 3363 1083 3446 his
1102 3360 1592 3445 fabricandis
1638 3358 1752 3443 ufi
1790 3361 2045 3445 sumus
2084 3426 2109 3465 ,
2187 3365 2374 3446 talia
2410 3392 2738 3478 quoque
2773 3398 2925 3453 con
2960 3376 3135 3459 etsta

455 3476 800 3562 vidimus
822 3541 848 3581 ‚
905 3504 1086 3587 quae
1125 3501 1284 3555 non
1324 3473 1676 3585 pondere
1697 3537 1726 3577 ‚
1782 3468 1913 3554 se'd
1950 3471 2252 3557 clateris
2290 3476 2374 3559 vi
2409 3502 2929 3565 moverentur.
3034 3488 3135 3571 In

457 3588 748 3697 quibus
784 3654 814 3695 ,
886 3615 1067 3670 cum
1105 3584 1427 3669 antehac
1463 3584 1888 3699 pyramide¹
1915 3583 2054 3667 illa
2095 3591 2525 3697 aequatoria
2560 3653 2587 3692 ,
2670 3593 3137 3707 chordaque

454 3700 642 3781 huic
706 3697 1287 3783 circumvoluta
1337 3722 1547 3808 opus
1599 3694 1786 3779 ess‘et
1827 3751 1854 3791 ‚
1930 3724 2273 3807 quorum
2330 3727 2487 3810 ope
2524 3701 3135 3814 adaequarentur

454 3813 686 3922 primi
743 3841 836 3896 ac
887 3808 1256 3921 postremi
1312 3808 1616 3891 clateris
1675 3810 2014 3920 impetus
2058 3853 2083 3907 3
2160 3835 2370 3891 nunc
2409 3810 2502 3892 iis
2544 3814 2831 3898 omiffis
2877 3874 2907 3916 ‚
2984 3820 3131 3931 ipfi

460 3942 881 4037 tympano,
945 3921 1080 4005 cui
1112 3917 1354 4004 elater
1390 3916 1736 4001 inclusus
1775 3916 1886 4001 est
1925 3976 1954 4017 ‚
2029 3918 2301 4002 dentes
2340 3921 2766 4008 adduntur.
2896 3928 2985 4013 N
2998 3960 3131 4015 arn

459 4030 646 4116 licet
680 4036 834 4119 hoc
875 4034 1126 4115 modo
1163 4056 1328 4111 non
1364 4058 1594 4141 aeque
1631 4030 1715 4113 in
1752 4028 1912 4113 fine
1948 4058 2040 4111 ac
2077 4032 2479 4144 principio
2515 4036 2599 4118 vi
2658 4060 2783 4121 eat
2817 4044 3131 4153 pendu-

453 4140 518 4225 li
555 4168 818 4229 motus
839 4211 865 4251 ‚
919 4173 1079 4228 non
1117 4164 1376 4227 tamen
1415 4172 1513 4225 eo
1551 4141 1915 4226 lentiores
1957 4141 2096 4224 sub
2133 4141 2377 4226 finem
2414 4143 2610 4245 oscil
2641 4152 2939 4237 ationes
2958 4154 3131 4239 effi-

457 4257 775 4341 ciuntur
810 4324 837 4363 ‚
912 4258 1033 4341 uti
1093 4254 1442 4365 superius
1503 4252 1660 4337 fuit
1716 4253 2350 4338 demonstratum.
2462 4258 2732 4343 Elater
2791 4292 2983 4349 vero
3040 4296 3141 4353 ea

465 4392 724 4477 parte,
800 4396 962 4481 qua
999 4368 1104 4451 ad
1138 4387 1492 4451 centrum
1530 4364 2012 4449 convolutus
2047 4362 2159 4449 est
2195 4430 2223 4469 ,
2303 4369 2743 4455 intenditur
2780 4440 2809 4480 ,
2890 4397 2970 4460 at
3031 4409 3139 4460 ue

465 4479 576 4563 ita
631 4502 945 4599 cavetur
997 4510 1096 4567 ne
1153 4506 1322 4595 quo
1379 4477 1758 4597 temporis
1793 4499 2196 4596 momento
2237 4478 2499 4569 cursus
2539 4482 2942 4600 horologii
2972 4408 3147 4589 cllus-3

2159 4588 2339 4708 133
2632 4639 2637 4645 ·
2885 4596 3157 4687 flami*

463 2361 828 2477 hyemem
888 2362 1358 2481 produffior
1404 2356 1562 2473 'effe
1619 2357 1938 2443 deberet
1976 2416 2004 2459 ,
2080 2358 2142 2445 fi
2184 2362 2649 2451 Wendellni
2708 2396 2892 2452 vera
2932 2369 3141 2455 foret
3204 2448 3209 2456 .
