4517 5784
815 470 1130 559 H'OR
1151 470 1341 559 OL
1363 471 1578 559 O'G.
1693 473 1779 575 Q
1803 472 1855 559 S
1885 472 1964 559 C
1989 476 2128 561 I'L
2155 474 2225 563 E
2249 478 2323 563 A
2348 468 2435 563 T
2460 482 2545 569 O
2567 484 2680 573 R.
2964 520 3133 607 127-

427 616 560 705 &o
596 613 977 725 deinceps⁴
1015 612 1428 703 communi
1471 609 1846 713 vincum,
1903 614 2208 726 lingula
2239 616 2789 733 intelligantur
2838 632 3104 740 acqui-
3127 649 3463 705 namn-2

429 728 610 815 fitas
646 724 1090 813 celeritates..
1127 722 1422 809 sursum
1440 745 1898 812 conver-tere.
1915 790 1942 833 ,
2003 728 2277 841 (quod
2297 728 2402 811 im
2414 733 2819 845 pingendo
2839 739 2919 820 in
3004 741 3107 825 la·
3127 724 3393 827 2135&

429 864 530 933 na
564 836 932 953 quaedam
965 836 1392 944 inclinata,
1447 833 1621 919 fieri
1681 841 2028 951 poterit,
2082 842 2129 953 )
2171 848 2254 923 &
2309 836 2732 956 quousque
2789 770 3111 961 possqmt

426 950 892 1056 ascendere,
938 975 1220 1061 nempe
1257 953 1341 1033 in
1380 948 1499 1054 L,
1556 946 1662 1031 M
1695 1013 1724 1054 ‚
1783 950 1904 1033 Ν.
1969 954 2168 1063 Qo
2205 952 2339 1035 ubi
2394 956 2891 1067 pervenerint
2924 1019 2953 1060 ,
3010 964 3115 1051 fit
3282 1040 3287 1043 .

429 1082 786 1154 centrum
879 1062 1232 1147 raritatis
1269 1063 1630 1147 omnium
1668 1062 2074 1173 punctum.
2100 1065 2190 1148 P.
2256 1066 2473 1149 Dico
2508 1066 2663 1153 hoc
2703 1074 2873 1182 pari
2932 1074 3109 1161 alti·
3168 1132 3179 1143 -

434 1176 712 1263 tudine
741 1205 785 1259 e
848 1203 893 1259 e
933 1200 1114 1261 cum
1156 1174 1458 1286 puncto
1495 1173 1592 1257 Ε.

541 1288 767 1375 Nam
788 1286 1129 1400 primum
1154 1285 1540 1398 quidem,
1593 1286 1899 1385 constat
1940 1286 2006 1371 P
2048 1290 2668 1375 non.altius-.effe
2708 1322 2947 1405 quam
2986 1298 3053 1379 E
3076 1363 3130 1403 „

431 1425 538 1485 ex
577 1394 834 1515 prima'
868 1396 1346 1511 sumptarum
1386 1396 1988 1515 hypothesium:
2027 1401 2184 1493 Sed
2223 1432 2367 1486 nec
2403 1404 2769 1489 humilius
2808 1406 2979 1492 fore
3003 1408 3127 1493 fic·

432 1512 950 1597 ostendemuS.
1011 1502 1133 1593 Sit
1185 1510 1442 1609 enim,
1501 1508 1560 1591 fi
1607 1570 1612 1577 -
1681 1510 1932 1619 otest,
1989 1513 2056 1596 P
2111 1511 2481 1599 humilius
2544 1543 2783 1627 quam
2844 1517 2967 1617 E,
3022 1530 3107 1605 &

429 1626 984 1737 intelligantur
1025 1622 1380 1733 pondera
1411 1620 1514 1707 ei<
1555 1624 1612 1707 ii
1651 1624 1829 1709 dem
1854 1688 1880 1729 ,
1937 1625 2042 1708 ad
2077 1652 2273 1735 quas
2319 1627 2875 1729 ascenderunt,
2930 1632 3137 1733 alti-.-

433 1738 844 1823 tudinibus
895 1735 1237 1820 recidere
1275 1798 1301 1839 ,
1360 1762 1540 1846 quae
1603 1734 1779 1825 sunt
1841 1736 1912 1819 L
1952 1736 2033 1819 G
2071 1800 2100 1843 ,
2166 1738 2272 1821 Μ
2313 1739 2407 1819 Η
2444 1805 2469 1844 ,
2528 1740 2623 1825 N
2664 1740 2773 1822 K.
2852 1744 3105 1829 Unde
3174 1820 3181 1826 .

435 1851 775 1961 quidem
829 1848 1140 1938 easdem
1197 1847 1632 1935 celeritates
1669 1848 1854 1963 ipfis
1892 1850 2197 1961 acquiri
2230 1851 2585 1955 constat,
2641 1880 2835 1963 quas
2872 1853 3104 1937 habe·

430 1964 620 2047 bant
661 1960 1372 2049 adzascendendum
1411 1959 2224 2045 ad.istas·.altitudines
2266 1964 2325 2019 ²*
2362 2027 2419 2068 ,.,
2464 1963 2623 2047 hoe
2660 1960 2818 2062 est,
2876 1992 3000 2048 eas
3041 1968 3103 2049 i·
3120 1956 3464 2094 {.f.{⁰l’?⁶‘*··

499 2072 618 2157 sas
775 2100 914 2157 uas
1007 2071 1524 2182 acquisierant
1599 2092 1830 2157 motu
1903 2072 2233 2189 penduli
2302 2100 2405 2157 ex
2490 2076 2571 2159 C
2614 2076 2681 2158 B
2724 2078 2815 2158 A.
2843 2078 2949 2162 D·
3023 2078 3127 2163 in.
3188 2108 3202 2117 ’

571 2184 664 2267 H
709 2100 790 2265 ἓ
831 2184 938 2266 D.
1001 2188 1270 2293 Qtare
1290 2240 1317 2281 ‚
1357 2183 1412 2267 fi
1453 2210 1633 2267 cum
1673 2186 1902 2271 dietis
1939 2184 2459 2271 celeritatibus
2499 2187 2603 2270 ad
2636 2187 2939 2315 virgam
2980 2190 3103 2273 su-

430 2295 936 2415 perficiemve
979 2358 996 2387 ‚
1058 2298 1187 2377 cui
1245 2296 1533 2379 innexa
1564 2296 1853 2403 suere,
1912 2326 2118 2382 nunc
2173 2296 2647 2405 referantur,
2705 2327 2943 2411 eique
3006 2299 3119 2383 fi-.

433 2408 612 2495 mul
650 2407 1171 2499 adhaerescant
1192 2472 1218 2513 ‚
1271 2428 1746 2521 motumque
1787 2411 2220 2494 secundum
2254 2409 2873 2521 inceptosarcus
2911 2440 3103 2495 con-

435 2524 750 2609 tinuent
773 2564 800 2615 ς
855 2518 1082 2631 quod
1105 2518 1314 2623 fiet,·
1353 2517 1408 2597 fl
1449 2522 1903 2630 priusquam
1945 2523 2244 2631 virgam
2280 2523 2715 2629 attingant,
2756 2520 3104 2633 §.planis

433 2629 836 2717 inclinatis
879 2627 1566 2739 QQrepercuffa
1586 2628 1838 2711 intelli
1847 2649 2132 2743 gan-tur
2149 2676 2178 2729 3
2227 2628 2581 2713 absolvet
2602 2695 2628 2736 ,
2676 2630 2829 2713 hoc
2852 2635 3129 2716 modo-

433 2743 880 2837 restitutum
939 2740 1440 2853 pendulum,
1491 2740 2002 2827 oscillationis
2061 2762 2365 2855 partem
2384 2740 2761 2855 reliquam
2783 2807 2811 2848 ,
2866 2746 3101 2855 aeque

431 2885 526 2943 ac
581 2854 642 2939 fi
697 2854 988 2965 absque
1043 2852 1210 2935 ulla
1265 2850 1558 2936 interru
1625 2855 1840 2937 tione
1899 2874 2202 2937 motum
2243 2853 2782 2938 continuasset.
2844 2856 2966 2937 Ita
3006 2871 3101 2941 ut·

430 2988 794 3054 centrum
837 2963 1248 3075 gravitatis
1304 2965 1568 3076 pendu
1611 2966 1684 3061 i,
1743 2962 1810 3044 E
1837 3022 1862 3061 ,
1919 2991 2138 3047 arcus
2182 2962 2522 3074 aequales
2561 2964 2627 3044 E
2668 2962 2739 3045 F
2760 2991 2787 3067 ·‚
2846 2964 2933 3046 F·
2958 2968 3042 3049 R
3066 3028 3127 3069 ‚‚

427 3075 990 3163 descendendo
1029 3103 1120 3157 ac
1161 3074 1658 3159 ascendendo
1695 3096 2099 3185 percurrat
2119 3138 2144 3177 ,
2197 3102 2289 3155 ac
2332 3074 2665 3185 proinde
2702 3076 2785 3155 in
2835 3076 2916 3157 R
2968 3104 3099 3157 ea-

434 3194 624 3277 dem
678 3216 778 3279 ac
827 3187 914 3271 in
957 3185 1024 3266 E
1079 3185 1500 3275 altitudine
1538 3188 1986 3299 reperiatur.
2047 3184 2499 3273 Ponebatur.
2532 3206 2793 3275 autem
2838 3184 2905 3268 E
2942 3186 3119 3273 effe·

431 3294 669 3391 altius
706 3297 1046 3409 quam?
1085 3297 1884 3411 centrum-gravitatis
1941 3296 2381 3409 ponderum
2436 3295 2517 3379 in
2566 3298 2632 3381 L
2656 3362 2714 3405 2,
2738 3297 2840 3379 M
2866 3362 2894 3402 ,
2952 3296 3051 3389 N
3068 3354 3096 3395 ,

433 3412 900 3531 positorum.
951 3406 1174 3521 Ergo
1217 3416 1299 3493 &
1337 3410 1704 3503 Raltius-
1725 3409 1874 3493 erit
1916 3437 2156 3520 quam
2199 3409 2306 3491 P:
2382 3408 2744 3520 adeoque
2800 3412 3104 3522 ponde-

435 3552 612 3623 rum
647 3548 753 3607 ex
798 3521 918 3618 L,
973 3518 1128 3625 M,
1165 3520 1260 3603 N
1281 3548 1334 3620 ς,
1363 3519 1870 3633 delapsorum
1903 3542 2262 3605 centrum
2302 3523 2753 3633 gravitatis,
2809 3522 3045 3607 altius
3069 3584 3095 3624 ‚

497 3664 678 3720 uam
728 3632 942 3715 unde
997 3629 1500 3717 descenderat
1539 3696 1566 3737 ‚
1623 3630 2098 3717 ascendisset.
2156 3631 2380 3760 quod
2435 3634 2547 3715 est
2582 3634 2993 3715 absurdum
3019 3633 3453 3747 *ammaus

535 3776 642 3831 on
686 3745 936 3857 igitur
959 3762 1328 3833 centrum
1371 3748 1778 3851 gravitatis
1819 3744 1884 3825 P
1925 3744 2299 3826 humilius
2336 3738 2450 3820 est
2490 3770 2726 3851 quam
2788 3743 2882 3823 E.
2944 3742 3103 3822 Sed
3122 3731 3245 3797 ¹²⁰³*

292 3824 309 3847 ι
435 3888 584 3946 nec
621 3855 854 3941 altius
890 3871 1078 3937 erat·x
1143 3850 1364 3967 Ergo
1389 3878 1626 3963 aeque
1665 3854 1944 3941 altum,
1971 3852 2066 3939 fit
2125 3848 2427 3937 necess‘e
2488 3850 2620 3934 est'.
2646 3934 2655 3941 ,
2681 3853 2908 3979 quod
2926 3873 3140 3944 ‘etat

436 3963 1158 4066 demonstrandum.-

860 4058 2349 4261 PROPOSITJO
2467 4146 2595 4257 V..

435 4328 872 4565 DAto
907 4330 1298 4467 pendulo
1349 4346 1471 4437 ex·-
1501 4333 2060 4495 ponderibus
2104 4327 2559 4489 quotlibet
2598 4326 3057 4488 comeosito
3080 4402 3141 4453 ,.

671 4469 768 4610 fi
795 4466 1166 4617 fingula
1231 4468 1704 4579 ducantur
1771 4510 1868 4579 m
1915 4471 2403 4615 quadrata
2448 4465 3104 4606 dtstantzarum

2861 4602 3113 4747 fim-
