4517 5784
870 463 1633 555 Honotoe.
1750 460 2735 553 osoizLaToa.
3054 480 3154 584 65

456 632 608 719 per
669 604 745 688 A
785 603 854 686 B
899 601 1380 686 descendens
1427 599 1754 682 eandem
1793 599 2136 706 acquirit
2181 597 2687 682 velocitatem
2738 600 2819 682 in
2894 608 3145 685 termi-
3182 629 3265 676 οε
3292 641 3391 678 οι-

463 746 572 798 no
611 715 738 811 B,
797 737 1042 825 atqu-e
1100 711 1573 796 descendens
1629 739 1770 821 per
1806 710 1999 793 G·B
2034 711 2136 810 *3
2197 708 2688 794 manifestum
2746 709 2905 817 est,
2961 741 3145 798 cum
3170 704 3457 806 §.ffss‘ffz'ffi

465 817 723 910 flexus
759 827 861 910 ad
899 831 968 910 B
1013 821 1538 907 nihilobstare
1575 823 1834 904 motui
1873 844 2260 930 ponatur,
2319 843 2613 905 tantam
2642 823 3141 910 velocitatem
3164 814 3363 940 ζυξῖοῗ·
3394 831 3443 880 ⁸*

467 938 917 1050 babituram
940 939 1078 1020 ubi
1112 937 1195 1018 in
1243 938 1320 1024 C
1347 934 1838 1046 pervenerit,
1898 955 2270 1042 quantam
2296 933 2349 1016 si
2391 964 2531 1045 per
2568 937 2648 1018 G
2687 937 2765 1018 C
2811 937 3139 1049 planum

461 1049 972 1134 descendisset
993 1097 1020 1150 3
1079 1049 1232 1130 hoc
1252 1047 1412 1145 est,
1475 1041 1846 1156 quantam
1867 1043 2182 1128 haberet
2200 1072 2303 1129 ex
2344 1046 2711 1130 descensu
2752 1077 2895 1160 per
2936 1053 3005 1134 E
3032 1055 3137 1136 C.

462 1155 739 1272 Qlare
783 1173 863 1248 &
896 1161 1298 1271 reliquum
1341 1159 1665 1271 planum
1705 1159 1783 1242 C
1829 1160 1910 1238 D
1970 1157 2253 1240 eodem
2288 1159 2530 1242 modo
2566 1159 2915 1244 transibit
2950 1193 3041 1245 ac
3080 1165 3138 1247 1'1

458 1304 606 1388 per
641 1272 816 1358 EC
859 1270 1332 1375 advenisset,
1391 1299 1481 1358 ac
1584 1269 1858 1353 roinde
1899 1271 1980 1351 in
2021 1269 2103 1350 D
2150 1271 2497 1380 denique
2541 1298 2805 1382 parem
2845 1277 3139 1358 veloci-

459 1408 710 1472 tatem
747 1385 1106 1499 habebit,
1162 1412 1252 1470 ac
1293 1381 1351 1464 fi
1391 1383 1491 1466 de
1531 1379 1904 1464 cendisset
1950 1409 2089 1490 per
2110 1383 2437 1494 planum
2475 1381 2542 1463 E
2600 1387 2727 1481 D,
2788 1385 2945 1468 hoc
2978 1376 3141 1494 est,
3316 1479 3331 1494 .

460 1497 792 1584 eandem
851 1525 1106 1608 quam
1147 1523 1252 1578 ex
1315 1493 1498 1580 casu
1557 1492 2186 1606 perpendiculari
2247 1523 2389 1609 per
2448 1495 2518 1578 E
2557 1495 2653 1578 F.
2714 1499 2941 1607 quod
2978 1526 3146 1585 erat
3270 1591 3279 1600 ,

461 1607 1182 1697 demonstrandum„
1753 1705 1763 1713 ,

491 1725 498 1731 ’
571 1719 804 1806 Hinc
846 1717 1102 1831 liquet
1121 1721 1356 1802 etiam
1379 1735 1521 1831 per
1541 1717 1816 1801 circuli
1839 1718 2600 1818 circumferentiam,
2656 1723 3144 1833 velpercur-

466 1855 645 1920 vam
684 1833 1121 1945 quamlibet
1159 1831 1444 1914 lineam
1482 1831 2002 1916 descendente
2039 1832 2317 1914 mobili
2372 1831 2598 1942 (nam
2656 1863 2932 1919 curvas
2974 1826 3144 1919 tan-

465 1975 708 2060 quam
771 1973 872 2029 ex
927 1943 1254 2026 infinitis
1315 1944 1540 2027 restis
1579 1941 2044 2054 compofitae
2065 1941 2305 2026 essent
2342 1943 2476 2026 hic
2528 1945 3012 2029 considerare
3052 1949 3144 2030 li-

425 2060 643 2162 tet)
710 2057 866 2141 sem
925 2067 1010 2140 er
1045 2054 1372 2140 eandem
1412 2053 1531 2137 illi
1571 2052 2077 2139 velocitatem
2138 2057 2441 2166 acquiri
2479 2056 2535 2138 fi
2581 2058 2680 2140 ab
2730 2059 3147 2169 aequalial-

461 2169 810 2254 titudine
885 2168 1352 2251 escenderit:
1415 2187 1876 2277 tantamque
1917 2189 2086 2250 eam
2111 2166 2260 2251 esse
2286 2161 2783 2252 velocitatem
2807 2235 2834 2274 ,
2894 2198 3142 2280 quan.

463 2305 624 2366 tam
657 2280 834 2365 casu
871 2277 1644 2396 perpendiculari‘ex
1681 2281 1954 2362 eadem
1989 2279 2407 2364 altitudine
2445 2281 3024 2393 adipisceretur.

781 2487 2373 2594 ·PROPOSITIO
2515 2489 2716 2594 IX.

463 2647 660 2868 SI
683 2686 1061 2791 grave,
1145 2653 1208 2752 21
1265 2647 1750 2784 descensu,
1807 2647 2188 2778 fitrsum
2237 2677 2732 2754 convertat
2792 2679 3133 2754 motum

662 2815 936 2908 uum,
1011 2788 1439 2930 astertdet
1491 2789 1625 2891 ad
1663 2789 2042 2890 eandem
2094 2791 2641 2914 unde-venit
2695 2793 3137 2894 altitudi-

454 2968 661 3035 nem
698 3003 723 3054 ,
809 2953 982 3072 per
1032 2961 1618 3065 quascunque
1660 2927 2555 3064 planasfitperficies
2598 2933 3128 3066 contiguas,

455 3071 568 3204 ὁ
621 3068 1406 3208 quomodocunque
1446 3065 1939 3168 inclinatas
1965 3136 1994 3186 ‚
2053 3065 2549 3204 -ssincefferit,

513 3281 522 3293 ’
565 3281 838 3370 Cadat
863 3313 1110 3400 grave
1144 3299 1242 3367 ex
1279 3283 1707 3370 ‘altitudine
1745 3285 1820 3367 A
1865 3287 2004 3397 Β,ι
2042 3291 2124 3368 &
2164 3311 2267 3367 ex
2308 3285 2609 3395 punsto
2650 3287 2719 3371 B
2744 3282 3270 3396 inclinatam.
3303 3317 3393 3374 vr.

449 3395 604 3483 sint
639 3391 938 3483 sursum
977 3396 1212 3509 plana
1247 3398 1314 3478 B
1360 3397 1438 3478 C
1460 3456 1488 3497 ‚
1539 3399 1627 3482 C
1672 3398 1804 3506 D,
1865 3395 1947 3480 D
1985 3397 2105 3504 E,
2163 3424 2504 3506 quorum
2558 3399 3001 3480 extremitas
3044 3389 3229 3482 ΕΜ·
3260 3401 3307 3435 ²·

453 3513 551 3596 sit
587 3512 862 3595 eadem
898 3509 1319 3592 altitudine
1359 3538 1540 3593 cum
1579 3507 1883 3621 punEto
1924 3511 2020 3592 A.
2086 3510 2299 3592 Dico
2322 3508 2373 3590 fi
2398 3509 2732 3614 mobile,
2791 3507 2966 3620 post
2988 3540 3115 3594 ca-

447 3625 620 3709 sum
659 3652 804 3734 per
843 3625 919 3707 A
959 3621 1026 3703 B
1050 3683 1078 3724 ‚
1134 3644 1544 3704 convertat
1583 3641 1888 3704 motum
1943 3642 2037 3703 ut
2076 3644 2353 3734 pergat
2390 3625 2694 3712 moveri
2730 3649 2871 3732 per
2905 3621 3117 3704 dista

449 3738 690 3851 plana
725 3735 1145 3837 inclinata,
1203 3756 1764 3844 perventutum
1803 3733 2056 3844 usque
2095 3734 2178 3813 in
2221 3733 2317 3814 E.
2418 3751 2463 3768 *

573 3849 911 3930 Dicatur
947 3847 1148 3928 enim
1174 3907 1200 3948 ,
1257 3842 1309 3924 si
1351 3843 1520 3924 fieri
1545 3843 1803 3954 potest
1827 3910 1854 3949 ,
1911 3867 2214 3927 tantum
2257 3848 2361 3929 ad
2394 3847 2473 3930 G
2513 3869 3109 3958 perventurum.

451 3957 1101 4047 ProducanturB
1130 3959 1206 4039 C
1232 3963 1312 4037 ὅ(
1337 3957 1416 4038 C
1441 3956 1520 4036 D
1544 4021 1569 4058 ,
1648 3955 1904 4039 donec
1941 3978 2358 4040 occurrant
2399 3956 2879 4044 horizontali
2915 3959 2993 4042 G
3036 3958 3111 4040 F

447 4077 534 4156 in
561 4071 628 4156 F
669 4080 754 4153 δε
795 4069 910 4150 Η.
973 4070 1189 4152 Cum
1210 4068 1454 4174 igitur
1479 4068 1813 4166 mobile,
1876 4069 2248 4179 superatis
2271 4068 2631 4181 planisB
2678 4075 2757 4158 C
2781 4131 2806 4170 ,
2857 4076 2934 4157 C
2972 4064 3056 4154 D
3080 4117 3141 4170 ,=

450 4185 738 4269 habeat
807 4200 1112 4265 tantum
1186 4203 1356 4259 eam
1413 4181 1911 4264 velocitatem
1961 4183 2131 4292 qua
2193 4181 2431 4293 possit
2490 4183 2895 4268 ascendere
2972 4211 3115 4294 per

451 4297 539 4378 D
580 4294 659 4377 G
684 4358 709 4395 ,
767 4291 930 4374 vel'
942 4319 1077 4402 per
1123 4293 1203 4372 D
1245 4289 1382 4389 H,
1441 4320 1618 4373 nam
1655 4289 1755 4372 ad
1795 4291 1964 4374 haec
2004 4317 2339 4404 utraque
2374 4297 2648 4379 eadem
2688 4296 3113 4378 velocitate

451 4433 659 4517 opus
695 4400 848 4486 effe
884 4399 1187 4486 consta't
1233 4425 1334 4483 ex
1382 4403 1918 4512 propositione
1961 4409 2054 4500 63
2119 4405 2388 4515 Ergo,
2444 4404 2804 4518 superato
2861 4409 3109 4519 plano

447 4520 526 4606 B
557 4521 636 4604 C
659 4579 690 4622 ,
742 4543 908 4602 eam
945 4515 1331 4598 duntaxat
1368 4513 1694 4598 habebat
1717 4541 1870 4624 qua
1893 4513 2267 4628 potuisset
2290 4517 2697 4606 ascendere
2718 4547 2861 4630 per
2880 4521 2959 4603 G
2983 4513 3113 4708 Hi
3226 4619 3231 4626 q

2259 4653 2279 4670 ··
2334 4631 2379 4716 Ι
2980 4652 3079 4711 ve
