4517 5784
1403 457 1581 543 180·
1890 434 2856 527 CHRISTIAND
2943 436 3604 527 HUGENII

1134 623 1169 662 ι
1224 579 1543 663 numito
1605 570 2117 687 suspensionis
2178 570 2284 655 ad
2341 568 2660 680 sphaerae
2726 591 3082 653 centrum
3155 568 3517 659 distantia
3595 565 4110 685 accipiatur}

1090 752 1150 787 n
1155 720 1297 785 22222

1190 690 1203 719 ¹
1254 685 1349 719 ⁸⁴·
1414 690 1736 802 sphaerae
1794 711 2057 769 autem
2090 684 2560 794 magnitudo
2603 710 2764 765 non
2789 681 3227 765 definiatur
3265 686 3786 795 proportione
3827 690 3930 771 ad
3966 688 4102 775 fili

1412 800 1995 915 longitudinem
2021 852 2047 892 ‚
2102 820 2260 876 non
2297 796 2446 875 erit
2481 816 2691 876 certa
2731 792 3082 876 mensura
3119 791 3452 905 penduli
3489 798 3708 904 cujus
3747 799 4100 885 recursus

1419 912 1757 995 secunda
1798 907 2161 1019 scrupula
2197 906 2662 1000 metiantur;
2723 905 2853 987 sed
2893 931 3058 1012 quo
3097 906 3528 1015 major-,erit
3567 910 3731 1015 ejus
3763 909 4102 1020 sphaera,

1422 1024 1577 1107 hoc
1620 1026 1872 1108 minor
1910 1018 2349 1103 invenietur
2387 1014 2734 1099 mensura
2767 1015 2949 1111 illa,
3007 1017 3210 1099 inter
3241 1036 3598 1105 centrum
3641 1015 3958 1129 sphaerae
4007 1029 4098 1105 &

1424 1136 1814 1247 pastuum
1855 1128 2364 1241 suspensionis
2407 1130 2855 1236 intercepta.
2912 1127 3138 1233 Qiia
3175 1128 3256 1210 in
3277 1127 3750 1213 isochronis·
3785 1133 4104 1240 pendu-

1432 1249 1579 1345 lis,
1632 1266 1898 1329 centra
1958 1240 2288 1351 quidem
2342 1236 2854 1322 oscillationis
2911 1237 2958 1319 a
2995 1238 3330 1347 punffis.
3371 1238 3964 1349 suspensionum
3991 1273 4102 1326 ze.-

1432 1359 1769 1467 qualiter
1822 1348 2155 1451 distant3
2214 1348 2551 1461 amplius
2597 1371 2876 1431 autem·
2915 1348 3322 1445 descendit
3379 1374 3734 1433 centrum
3787 1352 4122 1439 oscilla·-

1431 1471 1673 1553 tionis'
1707 1463 1903 1549 infra
1933 1483 2294 1548 centrum
2334 1461 2379 1543 s
2427 1461 2657 1543 haerae
2713 1460 3020 1571 majoris
3041 1524 3068 1565 ,
3124 1488 3366 1569 quam
3425 1462 3769 1547 minoris.

1550 1579 1771 1662 Hinc
1812 1572 2107 1659 necesse
2143 1570 2298 1657 fuit
2343 1490 2496 1657 iiiis
2518 1628 2545 1669 ,
2603 1572 2798 1682 qui,
2853 1593 3034 1653 ante
3072 1568 3274 1653 hanc
3331 1574 3581 1657 centri
3639 1574 4124 1662 oscillatorii.

1422 1688 2151 1783 determinationem
2190 1738 2221 1782 ,
2293 1680 2660 1770 mensurae
2715 1680 3170 1767 universalis
3225 1680 3798 1771 const-ituendae
3857 1694 4104 1773 ratio-

1426 1832 1609 1887 nem
1662 1802 2003 1883 inierunt
2040 1843 2065 1897 3
2123 1797 2353 1907 quod
2393 1854 2419 1893 ‚
2466 1799 2624 1906 jam
2693 1795 2878 1877 inde
2947 1793 2993 1875 ὲ
3045 1795 3322 1905 prima·
3359 1793 3678 1879 Horolo
3741 1798 3811 1881 ii
3850 1799 4124 1888 nostri.

1422 1915 1875 1999 inventione
1896 1968 1923 2006 ‚
1978 1908 2288 1995 nobilis·
2308 1907 2446 1991 illa
2485 1908 2836 1993 Societas
2879 1906 3148 2017 Regia·
3183 1908 3252 1987 A
3369 1903 3619 1992 ficana
3685 1908 3796 1993 1bi
3852 1938 4100 2026 nego.

1434 2029 1637 2109 tium
1676 2021 2045 2135 sumpsit,
2084 2027 2165 2103 ὃς
2228 2020 2610 2103 recentius
2669 2013 3155 2112 doctissimus
3197 2016 3272 2099 A
3340 2043 3710 2101 ronomus
3767 2020 4097 2133 Lugdu.

1433 2135 1683 2221 nensis
1702 2201 1729 2241 ,
1796 2128 2119 2219 Gabriel
2156 2130 2602 2215 Moutonus
2625 2174 2671 2231 ·5
2747 2126 2866 2211 his
2885 2191 2914 2230 ,
2971 2127 3292 2236 inquam
3313 2191 3338 2232 ,
3395 2126 3691 2213 necesse
3727 2128 3884 2215 fuit
3905 2135 4098 2219 defi·

1437 2274 1675 2374 gnare
1710 2244 2017 2356 globuli
2061 2240 2398 2351 suspensi
2438 2244 2903 2328 diametrum
2941 2294 2970 2335 ‚
3027 2239 3158 2323 vel
3186 2240 3709 2353 proportione
3745 2248 4102 2330 cerra.ad

1433 2360 1559 2441 nli
1589 2355 2169 2469 longitudinem
2191 2416 2219 2457 ,
2273 2356 2498 2461 cujus
2535 2380 2820 2461 nempe
2859 2348 3320 2433 tricesimam
3357 2346 3486 2433 vel
3525 2348 3746 2439 aliam
3786 2378 4102 2465 partem

1437 2490 1831 2579 :equaret3
1889 2466 2019 2551 vel
2068 2463 2435 2547 mensura·
2475 2462 2818 2573 quadam
2865 2462 3237 2571 cognita,
3293 2480 3384 2541 ut
3421 2460 3655 2573 digiti
3689 2466 3818 2545 vel
3853 2468 4104 2577 polli-

1442 2584 1580 2663 cis.
1657 2579 1825 2667 Sed
1862 2577 2017 2659 hoc
2063 2572 2484 2688 posteriore
2520 2572 2766 2658 modo
2803 2628 2830 2669 ,
2907 2569 3234 2681 ponitur
3262 2574 3420 2680 jam
3479 2575 3674 2659 certi
3743 2574 4054 2688 aliquid
4077 2646 4102 2687 ,

1442 2692 1671 2803 quod
1708 2692 1799 2771 id
1836 2688 2087 2799 ipsum
2126 2685 2238 2771 est
2281 2685 2506 2794 quod
2545 2684 3060 2793 quaerendum
3095 2680 3249 2763 est:
3308 2682 3446 2763 etsi
3487 2684 3652 2770 scio
3689 2687 3834 2771 vix
3875 2688 4104 2775 senfi-

1444 2802 1683 2883 bilem
1718 2825 2053 2881 errorem
2090 2794 2259 2879 fore
2279 2860 2305 2900 ,
2359 2794 2796 2877 dummodo
2839 2792 3153 2905 sphaerae
3189 2790 3456 2893 istam,
3511 2822 3756 2906 quam
3783 2800 4108 2910 jamdi-

1440 2914 1529 2995 xi
1562 2970 1591 3009 ‚
1650 2908 2270 3023 magnitudinem
2333 2933 2496 2989 non
2563 2905 2900 2989 multum
2975 2905 3388 2991 excedant.
3491 2907 3766 2995 Priore
3839 2935 4102 2997 autem

1446 3020 1699 3134 posset
1758 3022 2081 3131 quidem
2137 3019 2416 3127 aliquo
2470 3014 2708 3129 Ρειᾶο
2755 3044 2870 3127 res
2925 3017 3382 3127 explicari}-
3415 3016 3548 3101 sed
3603 3021 3718 3105 ita
3739 3085 3766 3126 ,
3815 3043 3906 3107 ut
3965 3053 4108 3109 nu-

1440 3134 1981 3231 merandarum
2037 3127 2620 3213 oscillationum
2673 3130 2914 3223 labor,
2953 3128 3398 3213 subeundus
3435 3126 3531 3214 fit
3550 3194 3578 3235 ,
3631 3134 4106 3247 calculoque

1442 3248 1675 3331 etiam
1736 3244 2143 3327 utendum.
2222 3240 2752 3349 Qamobrem
2813 3238 3124 3350 praestat
3160 3294 3189 3337 ,
3265 3262 3532 3325 centra
3601 3242 4109 3331 oscillationis

1446 3356 1935 3443 adhibendo·
1993 3374 2292 3437 certam
2329 3352 2712 3434 rationem
2751 3351 3020 3462 sequi,
3079 3350 3468 3461 nullisque
3508 3374 3796 3462 praeter
3855 3358 4114 3441 neces-

1448 3468 1749 3551 sitatem
1820 3465 2123 3577 legibus
2178 3462 2538 3579 obligari.
2611 3485 2850 3572 atque
2919 3462 3052 3545 hie
3101 3467 3264 3572 jam
3323 3466 3736 3575 majoribus
3795 3466 3841 3547 s
3833 3466 4116 3578 phaeris

1446 3605 1689 3689 quam
1736 3577 2044 3689 exiguis
2085 3575 2352 3687 potius
2405 3574 2833 3681 utendum,
2887 3576 3123 3687 quod
3163 3574 3322 3662 illae
3375 3572 3702 3665 occursu
3737 3580 3934 3665 aeris
3969 3583 4125 3665 ini-.-

1448 3718 1593 3774 nus
1634 3688 2185 3800 impediantur.

1562 3802 2014 3893 Caeterum,
2064 3828 2237 3893 non,
2289 3798 2608 3911 sphaerae
2670 3818 2981 3887 tantum
3033 3826 3138 3883 ex
3175 3799 3325 3885 filo
3357 3798 3782 3911 suspensae,
3841 3801 3982 3887 sed
4031 3813 4127 3891 δε

1452 3915 1681 4021 coni,
1730 3912 2139 4022 cylindri,
2194 3912 2508 4021 aliaque
2559 3914 2824 3997 omnia
2889 3912 3135 3997 solida
3173 3966 3202 4011 ,
3254 3912 3644 4023 planaque
3684 3968 3711 4011 ,
3765 3938 4130 4024 quorum

1451 4044 1721 4108 >centra
1754 4020 2264 4105 oscillationis
2302 4024 2648 4133 superius
2687 4024 3185 4127 exhibuimus
3209 4079 3236 4120 ,
3289 4025 3390 4107 ad
3429 4023 3628 4107 hanc
3687 4025 4132 4113 mensuram

1448 4132 2063 4245 investigandam
2106 4196 2131 4237 ‚
2184 4152 2374 4242 apta
2409 4133 2587 4217 sunt
2607 4180 2636 4234 3
2691 4137 3121 4243 quoniam,
3177 4134 3226 4217 ὲ
3267 4134 3569 4245 puncto
3609 4134 3742 4219 sus
3787 4137 4136 4227 enlionis

1442 4247 1553 4329 ad
1589 4266 1948 4329 centrum
1982 4243 2494 4327 oscillatiouis
2517 4306 2545 4348 ,
2585 4267 2890 4327 certum
2910 4245 3286 4355 idemque
3305 4245 3722 4331 omnibusi
3749 4248 4141 4338 ochronis

1449 4357 1817 4468 pendulis
1850 4354 1964 4439 est
1984 4353 2513 4440 intervallum.
2575 4356 2885 4467 Neque
2921 4357 3156 4443 etiam
3193 4355 3334 4441 illa
3373 4356 3761 4441 duntaxat
3800 4357 4144 4447 horolo-

1434 4470 1597 4585 gia,
1622 4498 1803 4583 quae
1838 4467 2181 4559 secunda
2218 4466 2586 4583 scrupula
2620 4490 2756 4555 aut
2797 4497 3075 4559 eorum
3091 4466 3422 4557 semifl‘es
3444 4465 3768 4583 lingulis
3785 4475 4150 4667 ΡειιίᾲιιῙί

2369 4612 2380 4627 ·
3699 4606 3930 4666 recur
3965 4588 4166 4683 ibus
