4517 5784
800 374 1588 523 Ho'Ronon:
1680 416 2656 515 osc1LLAToR.
2943 452 3129 547 179:

410 562 645 653 modi
680 561 1199 675 horologium
1221 625 1249 665 ‚
1308 558 1647 643 fixarum
1690 556 2084 641 stellatum
2102 557 2819 667 observationibus,
2877 592 3090 657 com·
3105 602 3186 651 m
3203 600 3454 658 etms-

378 677 762 791 'pofitum
794 675 1034 761 fuerit
1054 731 1083 770 ,
1138 672 1531 757 methodo
1560 670 1699 753 illa
1736 698 1983 781 quam
2022 671 2105 752 in
2124 671 2522 783 horologii
2555 670 3370 794 descriptionessssssss},¹2‘²
3437 670 3446 679 ’

406 787 935 874 ostendimus:
991 787 1213 869 aliud
1230 782 1667 896 pendulum
1687 780 1821 865 firn
1885 783 2015 864 lex
2036 844 2064 886 ,
2122 780 2276 865 hoc
2291 782 2406 867 est
2426 840 2453 881 ,
2509 785 2808 896 sphaera
2825 790 3087 901 plum-

417 903 602 998 bea,
656 926 793 985 aut
847 900 1001 982 alia
1034 896 1359 981 materia
1389 894 1615 1007 gravi
1654 921 1807 977 con
1879 922 2013 977 ans
2040 952 2068 993 ‚
2124 918 2227 977 ex
2270 898 2490 979 tenui
2532 898 2674 979 filo
2713 902 3040 1013 religata
3059 970 3088 1009 ,

400 1016 633 1124 juxta
666 1010 1205 1123 suspendenda
1238 1004 1395 1112 est,
1454 1028 1847 1117 motuque
1886 1006 2185 1118 exiguo
2221 1008 2704 1117 impellentia
2723 1058 2746 1111 3
2805 1040 2894 1095 ac
2919 1038 3092 1097 tan-

416 1123 654 1237 tisper
694 1123 1206 1236 producenda
1242 1184 1270 1224 ‚
1344 1138 1481 1201 aut
1519 1118 2055 1201 contrahenda
2108 1115 2229 1199 fili
2296 1120 2764 1313 lonsgitudo,
2827 1127 3085 1211 donec

415 1235 993 1346 recursusejus,
1051 1232 1731 1345 per'quadrantem
1756 1230 2019 1332 horae,
2074 1250 2208 1311 aut
2228 1228 2416 1311 semi
2477 1260 2808 1338 em‚una
2829 1233 3088 1321 feran-

412 1369 549 1431 tur
610 1376 794 1431 cum
851 1344 1605 1457 reciprocationibus
1663 1340 1993 1454 penduli
2055 1341 2482 1454 horologio
2547 1350 2821 1455 aptati.
2889 1350 3122 1437 Dixi.

404 1479 665 1541 autem
698 1462 998 1570 exiguo
1051 1478 1275 1541 motu
1346 1454 1915 1568 impellendum
1978 1452 2458 1566 pendulum,
2537 1460 2724 1565 quia
2778 1461 3084 1545 oscilla·
3211 1490 3219 1497 ·

396 1571 665 1653 'tiones
702 1572 1013 1682 exiguae
1037 1623 1064 1664 ,
1105 1592 1299 1681 puta
1338 1590 1379 1675 5
1428 1566 1559 1651 vel
1597 1569 1647 1651 6
1684 1566 2077 1679 partium,
2141 1564 2320 1649 satis
2357 1569 2691 1677 aequalia-
2721 1580 3084 1681 tempora

404 1680 739 1782 habent,
796 1704 1105 1793 magnae
1144 1706 1337 1763 vero
1376 1706 1535 1761 non
1574 1680 1791 1759 item.
1852 1679 2100 1760 Tunc
2122 1733 2148 1773 ‚
2194 1682 2528 1789 accepta}⁸
2567 1681 2918 1765 mensur&
2959 1688 3084 1768 di·-

406 1789 756 1897 stantiae‚
826 1793 872 1875 ὲ
910 1790 1211 1903 punito
1255 1784 1773 1900 suspensionis
1812 1788 1915 1871 ad
1954 1802 2313 1885 centrum
2347 1790 2854 1875 oscillationis
2893 1824 3082 1905 pen·-

396 1902 583 1985 duli
638 1902 1055 2015 simplici83
1106 1903 1367 2012 eaque
1386 1961 1416 2005 ,
1472 1899 1529 1981 fi
1586 1902 1937 1983 recursus
1988 1898 2278 2013 singuli
2329 1898 2689 2013 scrupula
2740 1902 3080 1992 secunda

402 2015 723 2098 valeant
747 2068 774 2110 ,
830 2015 916 2097 in
948 2034 1107 2095 tres
1142 2032 1405 2124 partes
1446 2013 1699 2097 divisi
1724 2060 1751 2113 5
1808 2008 2101 2095 facient
2140 2014 2259 2093 hae
2285 2012 3078 2129 lingulae-longitudi-

404 2152 589 2207 nem
630 2126 901 2235 pedis,
968 2150 1204 2237 quem
1247 2122 1789 2208 HoRARmM
1851 2124 1937 2207 in
1993 2122 2522 2235 superioribus
2579 2132 3076 2216 vocavimus:

402 2238 719 2347 quique
757 2296 785 2336 ‚
860 2236 1016 2319 hoc
1074 2236 1311 2347 pasto
1346 2301 1375 2341 ,
1431 2262 1595 2319 non
1653 2236 1905 2319 solum
1960 2236 2255 2346 ubique
2293 2240 2646 2348 gentium
2705 2239 3084 2327 constitui

396 2348 643 2459 possit
663 2412 691 2452 ‚
748 2348 887 2431 sed
928 2354 1011 2430 ὅτ.
1050 2368 1391 2430 venturo
1428 2372 1609 2431 aevo
1646 2348 2175 2461 redintegrari.
2236 2350 2469 2433 Adeo
2503 2372 2594 2431 ut
2631 2360 2712 2433 ὃ(
2771 2352 3083 2439 moduli

402 2460 709 2567 pedum
746 2459 1099 2541 omnium
1140 2457 1473 2540 aliorum
1500 2517 1527 2558 ,
1583 2458 1815 2557 semel
1847 2462 1953 2539 ad
1993 2462 2205 2539 hunc
2246 2462 2888 2565 proportionibus
2927 2463 3107 2545 suis-

394 2569 741 2679 expressi
766 2633 793 2673 ,
844 2572 1065 2652 certo
1105 2593 1435 2679 quoque
1490 2568 1571 2646 in
1588 2562 2007 2757 ¹posterum
2048 2566 2422 2675 cognosci
2463 2568 2772 2676 possint.
2853 2570 3082 2656 Sicut

382 2681 559 2789 jam
600 2678 873 2791 supra,
930 2679 1213 2792 pedem
1250 2677 1585 2762 Parifien
1618 2704 1741 2759 em
1761 2680 1864 2759 ad
1886 2674 2091 2759 hunc
2113 2668 2510 2759 horarium
2533 2677 2682 2761 ess'e
2701 2679 3078 2785 diximus,

398 2813 498 2873 ut
558 2794 717 2899 864
758 2795 862 2875 ad
902 2796 1053 2875 881
1085 2834 1113 2885 ς
1167 2790 1393 2899 quod
1428 2790 1639 2872 idem
1670 2786 1783 2873 est
1834 2818 1925 2872 ac
1966 2788 2068 2885 fi,
2126 2788 2386 2899 pofito
2423 2791 2635 2898 prius
2677 2794 2882 2902 pede
2924 2795 3072 2877 Pa..

398 2900 692 2985 rifiensi
715 2966 742 3007 ,
798 2905 1147 3001 dicamus
1188 2902 1431 2983 tribus
1466 2898 1925 3010 hujusmodi
1960 2901 2292 3009 pedibus
2317 2955 2340 2994 ,
2397 2930 2576 2983 cum
2618 2905 2804 2986 osto
2847 2905 3066 2989 lineis
3146 2945 3154 2955 ·

398 3020 491 3095 ὃ(
526 3015 855 3097 dimidia
878 3075 901 3114 ,
958 3010 1331 3095 constitui
1368 3011 1801 3121 pendulum
1838 3008 2175 3117 simplex
2197 3064 2224 3105 ,
2281 3013 2502 3119 cujus
2540 3010 3066 3099 oscillationes

386 3122 791 3231 scrupulis
837 3122 1197 3206 secundis
1235 3122 1559 3203 horariis
1593 3120 2065 3231 responsurae
2108 3118 2280 3223 sint.
2346 3120 2494 3202 Pes
2535 3144 2792 3204 autem
2858 3126 3070 3208 Pari-'-

392 3230 664 3319 fienfis
684 3234 787 3317 ad
806 3234 1286 3318 Rhenanam
1310 3299 1338 3339 ‚
1396 3235 1682 3343 quoin
1720 3232 1981 3317 Patria
2020 3228 2276 3315 nostra
2312 3254 2685 3336 utuntur,
2743 3232 2817 3317 se
2840 3235 3071 3320 habet

390 3368 493 3429 ut
540 3372 697 3453 144
735 3346 837 3428 ad
877 3358 1023 3458 139
1050 3392 1099 3455 3·
1132 3344 1289 3429 hoc
1328 3343 1485 3448 est,
1540 3347 1899 3455 quinque
1939 3342 2161 3426 lineis
2202 3344 2356 3426 suis
2413 3344 2898 3451 diminutus»,
2954 3346 3071 3431 al·

394 3480 655 3543 terum
694 3456 921 3540 illum
961 3456 1359 3567 relinquit.
1424 3460 1701 3568 Atque
1738 3458 1851 3539 ita
1886 3463 1969 3538 δε
2009 3456 2135 3537 hic
2177 3484 2316 3567 pes
2335 3520 2364 3561 ,
2421 3464 2504 3539 ὅτ
2541 3457 3068 3568 aliiquilibet,

391 3590 793 3681 perpetuo
852 3570 1262 3651 duraturas
1300 3568 1689 3663 mensuras
1730 3568 2157 3679 accipiunt.

522 3676 964 3787 Qomodo
1017 3698 1277 3785 autem
1336 3701 1708 3787 ,centrum
1784 3678 2294 3761 oscillationis
2373 3680 2452 3761 in
2529 3678 2828 3787 sphoera
2871 3734 2896 3780 ,
2968 3708 3075 3759 ex

394 3790 763 3901 qualibet
816 3786 1323 3900 longitudine
1384 3788 1790 3898 suspensa,
1848 3794 2350 3889 inveniatut‚'
2412 3789 2492 3865 in
2553 3788 3076 3895 superioribus

394 3901 1017 3984 demonstratum
1052 3898 1186 3981 est.
1250 3899 1620 4009 Nempe,
1680 3899 1735 3978 si
1771 3894 1911 3979 fiat
1952 3920 2043 3977 ut
2078 3896 2445 3979 distantia
2477 3897 2676 3979 inter
2697 3899 3079 4009 punitum

390 4012 916 4122 'suspensionis
976 4020 1057 4093 &t
1121 4009 1437 4122 sphaerae
1498 4029 1851 4093 centrum
1892 4074 1915 4112 ,
1960 4009 2073 4092 -ad
2138 4008 2804 4091 ‘semidiametrum
2865 4016 3072 4123 ejus,

400 4127 525 4207 ita
580 4121 748 4205 haec
804 4124 907 4205 ad
967 4122 1243 4217 aliam
1300 4126 1461 4232 ejus
1502 4124 1697 4204 duas
1734 4123 2099 4230 quintam,
2158 4122 2204 4199 ὲ
2236 4142 2508 4203 centro
2547 4120 2911 4203 deorsum
2957 4152 3090 4203 ac-

400 4254 685 4345 ceptas
706 4288 733 4329 ,
792 4235 1188 4315 terminari
1228 4236 1309 4315 in
1347 4234 1679 4343 quaefito
1720 4232 2229 4315 oscillationis
2269 4254 2562 4337 centro..
2627 4233 2894 4314 Facile
2951 4261 3092 4314 au-

304 4418 313 4427 .
408 4370 583 4431 tem
638 4366 965 4456 apparet
1020 4370 1161 4427 cur
1225 4345 1627 4426 necessaria
1668 4345 1760 4424 fit
1802 4344 2029 4439 huius
2070 4346 2316 4424 centri
2357 4340 2922 4446 confiderati0‚
2979 4342 3096 4429 ad·

400 4472 852 4545 accuratam
909 4457 1133 4568 pedis
1172 4454 1506 4541 Horatii
1554 4452 2302 4647 constitutionem-,Z
2354 4448 2573 4535 Nam
2599 4512 2626 4559 ,
2692 4451 2759 4535 ·s1
2803 4454 2848 4536 ἐι
2883 4480 3088 4649 pig-

2369 4590 2412 4647 2
3041 4594 3096 4649 o
