<?xml version="1.0" encoding="UTF-8"?>
<!DOCTYPE html PUBLIC "-//W3C//DTD XHTML 1.0 Transitional//EN"
    "http://www.w3.org/TR/xhtml1/DTD/xhtml1-transitional.dtd">
<html xmlns="http://www.w3.org/1999/xhtml" xml:lang="en" lang="en">
 <head>
  <title>
</title>
<meta http-equiv="Content-Type" content="text/html;charset=utf-8" />
  <meta name='ocr-system' content='tesseract 3.04.00' />
  <meta name='ocr-capabilities' content='ocr_page ocr_carea ocr_par ocr_line ocrx_word'/>
</head>
<body>
  <div class='ocr_page' id='page_1' title='image "./operavaria01gravgoog_0290.png"; bbox 0 0 4517 5784; ppageno 0'>
   <div class='ocr_carea' id='block_1_1' title="bbox 1438 410 3766 821">
    <p class='ocr_par' dir='ltr' id='par_1_1' title="bbox 1438 410 3766 821">
     <span class='ocr_line' id='line_1_1' title="bbox 1438 410 3766 555; baseline -0.007 -38"><span class='ocrx_word' id='word_1_1' title='bbox 1438 462 1596 519; x_wconf 83' lang='lat'>210</span> <span class='ocrx_word' id='word_1_2' title='bbox 1834 420 2325 515; x_wconf 70' lang='lat' dir='ltr'><strong>CHRIST.</strong></span> <span class='ocrx_word' id='word_1_3' title='bbox 2386 416 2925 555; x_wconf 64' lang='lat' dir='ltr'>HUGENH</span> <span class='ocrx_word' id='word_1_4' title='bbox 2978 410 3766 511; x_wconf 75' lang='lat' dir='ltr'>1NsT1TuT10.</span> 
     </span>
     <span class='ocr_line' id='line_1_2' title="bbox 2577 697 2914 821; baseline 0.009 -2"><span class='ocrx_word' id='word_1_5' title='bbox 2577 697 2586 703; x_wconf 80' lang='grc'><strong><em>’</em></strong></span> <span class='ocrx_word' id='word_1_6' title='bbox 2687 718 2786 817; x_wconf 82' lang='lat' dir='ltr'>x·</span> <span class='ocrx_word' id='word_1_7' title='bbox 2839 710 2914 821; x_wconf 77' lang='lat'>1&#39;..</span> 
     </span>
    </p>
   </div>
   <div class='ocr_carea' id='block_1_2' title="bbox 1457 995 4212 3884">
    <p class='ocr_par' dir='ltr' id='par_1_2' title="bbox 1457 995 4212 3884">
     <span class='ocr_line' id='line_1_3' title="bbox 1580 995 4138 1118; baseline -0.007 -26"><span class='ocrx_word' id='word_1_8' title='bbox 1580 1006 1937 1118; x_wconf 72' lang='lat' dir='ltr'>Quando</span> <span class='ocrx_word' id='word_1_9' title='bbox 2008 997 2432 1111; x_wconf 67' lang='lat' dir='ltr'>videndam</span> <span class='ocrx_word' id='word_1_10' title='bbox 2505 995 2582 1087; x_wconf 86' lang='lat' dir='ltr'>se</span> <span class='ocrx_word' id='word_1_11' title='bbox 2638 995 2880 1084; x_wconf 76' lang='lat' dir='ltr'>offert</span> <span class='ocrx_word' id='word_1_12' title='bbox 2931 995 3164 1109; x_wconf 87' lang='lat' dir='ltr'>regio</span> <span class='ocrx_word' id='word_1_13' title='bbox 3247 996 3576 1112; x_wconf 78' lang='lat' dir='ltr'>cognita</span> <span class='ocrx_word' id='word_1_14' title='bbox 3607 1002 3638 1098; x_wconf 70' lang='lat'>,&#39;</span> <span class='ocrx_word' id='word_1_15' title='bbox 3734 1024 3848 1086; x_wconf 75' lang='lat' dir='ltr'>ne</span> <span class='ocrx_word' id='word_1_16' title='bbox 3895 1028 3946 1089; x_wconf 92' lang='lat' dir='ltr'>n</span> <span class='ocrx_word' id='word_1_17' title='bbox 4053 1000 4138 1087; x_wconf 79' lang='lat' dir='ltr'>li.</span> 
     </span>
     <span class='ocr_line' id='line_1_4' title="bbox 1468 1108 4150 1237; baseline -0.003 -30"><span class='ocrx_word' id='word_1_18' title='bbox 1468 1151 1607 1237; x_wconf 86' lang='lat' dir='ltr'>gas</span> <span class='ocrx_word' id='word_1_19' title='bbox 1687 1138 2055 1202; x_wconf 88' lang='lat' dir='ltr'>annotare</span> <span class='ocrx_word' id='word_1_20' title='bbox 2132 1110 2718 1225; x_wconf 86' lang='lat' dir='ltr'><strong>longitudinem</strong></span> <span class='ocrx_word' id='word_1_21' title='bbox 2775 1108 2993 1193; x_wconf 81' lang='lat' dir='ltr'>illius</span> <span class='ocrx_word' id='word_1_22' title='bbox 3034 1165 3060 1206; x_wconf 90' lang='lat'><strong>,</strong></span> <span class='ocrx_word' id='word_1_23' title='bbox 3158 1134 3552 1222; x_wconf 88' lang='lat' dir='ltr'>quantum</span> <span class='ocrx_word' id='word_1_24' title='bbox 3623 1113 3900 1199; x_wconf 59' lang='lat' dir='ltr'>catali-e</span> <span class='ocrx_word' id='word_1_25' title='bbox 4043 1118 4150 1210; x_wconf 88' lang='lat' dir='ltr'>eri</span> 
     </span>
     <span class='ocr_line' id='line_1_5' title="bbox 1470 1220 4139 1347; baseline -0.009 -31"><span class='ocrx_word' id='word_1_26' title='bbox 1470 1234 1764 1347; x_wconf 86' lang='lat' dir='ltr'>poterit</span> <span class='ocrx_word' id='word_1_27' title='bbox 1801 1286 1827 1327; x_wconf 91' lang='lat'>,</span> <span class='ocrx_word' id='word_1_28' title='bbox 1922 1255 2021 1311; x_wconf 84' lang='lat' dir='ltr'>ex</span> <span class='ocrx_word' id='word_1_29' title='bbox 2063 1230 2386 1309; x_wconf 87' lang='lat' dir='ltr'>inventa</span> <span class='ocrx_word' id='word_1_30' title='bbox 2423 1222 2934 1331; x_wconf 85' lang='lat' dir='ltr'><strong>longitudine</strong></span> <span class='ocrx_word' id='word_1_31' title='bbox 2967 1220 3130 1311; x_wconf 87' lang='lat' dir='ltr'>loci</span> <span class='ocrx_word' id='word_1_32' title='bbox 3165 1223 3252 1304; x_wconf 88' lang='lat' dir='ltr'>in</span> <span class='ocrx_word' id='word_1_33' title='bbox 3289 1250 3462 1336; x_wconf 90' lang='lat' dir='ltr'>quo</span> <span class='ocrx_word' id='word_1_34' title='bbox 3495 1223 3816 1311; x_wconf 82' lang='lat' dir='ltr'>versatis</span> <span class='ocrx_word' id='word_1_35' title='bbox 3855 1273 3882 1327; x_wconf 70' lang='lat'>3</span> <span class='ocrx_word' id='word_1_36' title='bbox 3979 1226 4139 1312; x_wconf 69' lang='lat' dir='ltr'>Pri.</span> 
     </span>
     <span class='ocr_line' id='line_1_6' title="bbox 1469 1331 4150 1453; baseline -0.007 -23"><span class='ocrx_word' id='word_1_37' title='bbox 1469 1376 1606 1431; x_wconf 91' lang='lat' dir='ltr'>mo</span> <span class='ocrx_word' id='word_1_38' title='bbox 1644 1344 1747 1427; x_wconf 87' lang='lat' dir='ltr'>ad</span> <span class='ocrx_word' id='word_1_39' title='bbox 1785 1338 2288 1451; x_wconf 86' lang='lat' dir='ltr'>corrigendas</span> <span class='ocrx_word' id='word_1_40' title='bbox 2330 1333 2520 1453; x_wconf 81' lang='lat' dir='ltr'>inde</span> <span class='ocrx_word' id='word_1_41' title='bbox 2560 1360 2892 1447; x_wconf 83' lang='lat' dir='ltr'>mappas</span> <span class='ocrx_word' id='word_1_42' title='bbox 2933 1334 3264 1417; x_wconf 89' lang='lat' dir='ltr'>marinas</span> <span class='ocrx_word' id='word_1_43' title='bbox 3281 1398 3309 1438; x_wconf 86' lang='lat'>,</span> <span class='ocrx_word' id='word_1_44' title='bbox 3367 1331 3784 1447; x_wconf 78' lang='lat' dir='ltr'>postquam</span> <span class='ocrx_word' id='word_1_45' title='bbox 3801 1336 4150 1453; x_wconf 54' lang='lat' dir='ltr'>longitu«</span> 
     </span>
     <span class='ocr_line' id='line_1_7' title="bbox 1472 1444 4147 1559; baseline -0.002 -18"><span class='ocrx_word' id='word_1_46' title='bbox 1472 1462 1585 1549; x_wconf 89' lang='lat' dir='ltr'>do</span> <span class='ocrx_word' id='word_1_47' title='bbox 1645 1453 1807 1537; x_wconf 91' lang='lat' dir='ltr'>loci</span> <span class='ocrx_word' id='word_1_48' title='bbox 1862 1450 2102 1535; x_wconf 85' lang='lat' dir='ltr'>fuerit</span> <span class='ocrx_word' id='word_1_49' title='bbox 2156 1444 2484 1535; x_wconf 69' lang='lat' dir='ltr'>dive&#39;rfis</span> <span class='ocrx_word' id='word_1_50' title='bbox 2538 1445 3022 1559; x_wconf 86' lang='lat' dir='ltr'>temporibus</span> <span class='ocrx_word' id='word_1_51' title='bbox 3057 1466 3463 1557; x_wconf 87' lang='lat' dir='ltr'>comperta</span> <span class='ocrx_word' id='word_1_52' title='bbox 3495 1448 3770 1532; x_wconf 88' lang='lat' dir='ltr'>eadem</span> <span class='ocrx_word' id='word_1_53' title='bbox 3813 1513 3842 1556; x_wconf 86' lang='lat'><strong>,</strong></span> <span class='ocrx_word' id='word_1_54' title='bbox 3916 1454 4030 1535; x_wconf 87' lang='lat' dir='ltr'>ita</span> <span class='ocrx_word' id='word_1_55' title='bbox 4061 1472 4147 1535; x_wconf 91' lang='lat' dir='ltr'>ut·</span> 
     </span>
     <span class='ocr_line' id='line_1_8' title="bbox 1472 1556 4136 1679; baseline -0.009 -28"><span class='ocrx_word' id='word_1_56' title='bbox 1472 1567 1600 1656; x_wconf 81' lang='lat' dir='ltr'>nil·</span> <span class='ocrx_word' id='word_1_57' title='bbox 1628 1591 1751 1649; x_wconf 88' lang='lat' dir='ltr'>am</span> <span class='ocrx_word' id='word_1_58' title='bbox 1784 1658 1786 1663; x_wconf 87' lang='lat'><em>.</em></span> <span class='ocrx_word' id='word_1_59' title='bbox 1818 1562 1979 1651; x_wconf 64' lang='lat' dir='ltr'>lius.</span> <span class='ocrx_word' id='word_1_60' title='bbox 2008 1562 2111 1651; x_wconf 89' lang='lat' dir='ltr'>de</span> <span class='ocrx_word' id='word_1_61' title='bbox 2148 1590 2241 1645; x_wconf 91' lang='lat' dir='ltr'>ea</span> <span class='ocrx_word' id='word_1_62' title='bbox 2279 1559 2611 1643; x_wconf 77' lang='lat' dir='ltr'>dubites,</span> <span class='ocrx_word' id='word_1_63' title='bbox 2676 1560 2772 1642; x_wconf 90' lang='lat' dir='ltr'>ln</span> <span class='ocrx_word' id='word_1_64' title='bbox 2811 1558 2936 1641; x_wconf 85' lang='lat' dir='ltr'>his</span> <span class='ocrx_word' id='word_1_65' title='bbox 2969 1559 3178 1647; x_wconf 87' lang='lat' dir='ltr'>enim</span> <span class='ocrx_word' id='word_1_66' title='bbox 3213 1556 3526 1679; x_wconf 81' lang='lat' dir='ltr'>mappis</span> <span class='ocrx_word' id='word_1_67' title='bbox 3561 1582 3953 1669; x_wconf 81' lang='lat' dir='ltr'>quantum</span> <span class='ocrx_word' id='word_1_68' title='bbox 3973 1566 4136 1647; x_wconf 67' lang='lat' dir='ltr'>atti.</span> 
     </span>
     <span class='ocr_line' id='line_1_9' title="bbox 1476 1668 4144 1771; baseline -0.002 -7"><span class='ocrx_word' id='word_1_69' title='bbox 1476 1702 1613 1765; x_wconf 89' lang='lat' dir='ltr'>net</span> <span class='ocrx_word' id='word_1_70' title='bbox 1633 1679 1734 1760; x_wconf 87' lang='lat' dir='ltr'>ad</span> <span class='ocrx_word' id='word_1_71' title='bbox 1783 1697 1983 1760; x_wconf 88' lang='lat' dir='ltr'>1tum</span> <span class='ocrx_word' id='word_1_72' title='bbox 2006 1674 2370 1756; x_wconf 85' lang='lat' dir='ltr'>locorum</span> <span class='ocrx_word' id='word_1_73' title='bbox 2391 1671 2807 1759; x_wconf 78' lang='lat' dir='ltr'><strong>Orientem</strong></span> <span class='ocrx_word' id='word_1_74' title='bbox 2828 1668 3449 1753; x_wconf 86' lang='lat' dir='ltr'>&amp;Occidentem</span> <span class='ocrx_word' id='word_1_75' title='bbox 3469 1669 4014 1771; x_wconf 63' lang='lat' dir='ltr'>veisusmulta</span> <span class='ocrx_word' id='word_1_76' title='bbox 4029 1677 4144 1759; x_wconf 46' lang='lat' dir='ltr'>su*</span> 
     </span>
     <span class='ocr_line' id='line_1_10' title="bbox 1470 1779 4136 1905; baseline -0.002 -32"><span class='ocrx_word' id='word_1_77' title='bbox 1470 1790 1792 1905; x_wconf 84' lang='lat' dir='ltr'>perfunt</span> <span class='ocrx_word' id='word_1_78' title='bbox 1828 1786 2340 1871; x_wconf 82' lang='lat' dir='ltr'>emendanda.</span> <span class='ocrx_word' id='word_1_79' title='bbox 2452 1782 2816 1867; x_wconf 88' lang='lat' dir='ltr'>Secundo</span> <span class='ocrx_word' id='word_1_80' title='bbox 2855 1804 2951 1869; x_wconf 77' lang='lat' dir='ltr'>ut</span> <span class='ocrx_word' id='word_1_81' title='bbox 2990 1779 3178 1865; x_wconf 88' lang='lat' dir='ltr'>scias</span> <span class='ocrx_word' id='word_1_82' title='bbox 3219 1844 3248 1887; x_wconf 87' lang='lat'><strong>,</strong></span> <span class='ocrx_word' id='word_1_83' title='bbox 3318 1782 3410 1873; x_wconf 78' lang='lat' dir='ltr'>in</span> <span class='ocrx_word' id='word_1_84' title='bbox 3439 1782 3986 1894; x_wconf 86' lang='lat' dir='ltr'>prosecutione</span> <span class='ocrx_word' id='word_1_85' title='bbox 4021 1786 4136 1874; x_wconf 90' lang='lat' dir='ltr'>tui</span> 
     </span>
     <span class='ocr_line' id='line_1_11' title="bbox 1470 1890 4146 2015; baseline -0.004 -29"><span class='ocrx_word' id='word_1_86' title='bbox 1470 1902 1768 1988; x_wconf 80' lang='lat' dir='ltr'>itineris</span> <span class='ocrx_word' id='word_1_87' title='bbox 1807 1954 1849 1997; x_wconf 65' lang='grc'>,,</span> <span class='ocrx_word' id='word_1_88' title='bbox 1908 1918 2304 2011; x_wconf 88' lang='lat' dir='ltr'>quantum</span> <span class='ocrx_word' id='word_1_89' title='bbox 2363 1893 2716 2006; x_wconf 67' lang='lat' dir='ltr'>respestu</span> <span class='ocrx_word' id='word_1_90' title='bbox 2772 1893 2931 1977; x_wconf 86' lang='lat' dir='ltr'>loci</span> <span class='ocrx_word' id='word_1_91' title='bbox 2988 1892 3136 1978; x_wconf 85' lang='lat' dir='ltr'>vifi</span> <span class='ocrx_word' id='word_1_92' title='bbox 3191 1890 3674 1979; x_wconf 86' lang='lat' dir='ltr'>velificando</span> <span class='ocrx_word' id='word_1_93' title='bbox 3711 1898 4146 2015; x_wconf 78' lang='lat' dir='ltr'>progtess&#39;us.</span> 
     </span>
     <span class='ocr_line' id='line_1_12' title="bbox 1468 2006 4151 2118; baseline -0.001 -19"><span class='ocrx_word' id='word_1_94' title='bbox 1468 2013 1705 2099; x_wconf 72' lang='lat' dir='ltr'>fueris</span> <span class='ocrx_word' id='word_1_95' title='bbox 1758 2010 1863 2094; x_wconf 90' lang='lat' dir='ltr'>ad</span> <span class='ocrx_word' id='word_1_96' title='bbox 1922 2011 2343 2101; x_wconf 70' lang='lat' dir='ltr'>Orientem</span> <span class='ocrx_word' id='word_1_97' title='bbox 2395 2006 2528 2099; x_wconf 64' lang='lat' dir='ltr'>vel</span> <span class='ocrx_word' id='word_1_98' title='bbox 2605 2006 3140 2093; x_wconf 88' lang='lat' dir='ltr'>Occidentem</span> <span class='ocrx_word' id='word_1_99' title='bbox 3185 2036 3204 2087; x_wconf 76' lang='grc' dir='ltr'><strong><em>ε</em></strong></span> <span class='ocrx_word' id='word_1_100' title='bbox 3295 2006 3589 2091; x_wconf 83' lang='lat' dir='ltr'>etiamsi</span> <span class='ocrx_word' id='word_1_101' title='bbox 3670 2006 4099 2096; x_wconf 82' lang='lat' dir='ltr'>infortunio</span> <span class='ocrx_word' id='word_1_102' title='bbox 4113 2077 4151 2118; x_wconf 31' lang='lat'>,-</span> 
     </span>
     <span class='ocr_line' id='line_1_13' title="bbox 1457 2114 4147 2243; baseline 0 -33"><span class='ocrx_word' id='word_1_103' title='bbox 1457 2114 1611 2210; x_wconf 68' lang='lat' dir='ltr'>&#39;vel</span> <span class='ocrx_word' id='word_1_104' title='bbox 1646 2122 2129 2243; x_wconf 80' lang='lat' dir='ltr'>negligentia</span> <span class='ocrx_word' id='word_1_105' title='bbox 2152 2174 2175 2216; x_wconf 90' lang='lat'><strong>,</strong></span> <span class='ocrx_word' id='word_1_106' title='bbox 2231 2119 2499 2201; x_wconf 90' lang='lat' dir='ltr'>omnia</span> <span class='ocrx_word' id='word_1_107' title='bbox 2538 2117 2942 2231; x_wconf 86' lang='lat' dir='ltr'>quiescant</span> <span class='ocrx_word' id='word_1_108' title='bbox 2986 2116 3444 2231; x_wconf 83' lang='lat' dir='ltr'>Horologia</span> <span class='ocrx_word' id='word_1_109' title='bbox 3469 2175 3494 2215; x_wconf 92' lang='lat'><strong>,</strong></span> <span class='ocrx_word' id='word_1_110' title='bbox 3549 2124 3849 2231; x_wconf 85' lang='lat' dir='ltr'>poteris</span> <span class='ocrx_word' id='word_1_111' title='bbox 3887 2124 4147 2211; x_wconf 83' lang='lat' dir='ltr'>eadem</span> 
     </span>
     <span class='ocr_line' id='line_1_14' title="bbox 1477 2228 4149 2349; baseline -0.004 -30"><span class='ocrx_word' id='word_1_112' title='bbox 1477 2237 1591 2329; x_wconf 77' lang='lat' dir='ltr'>ad</span> <span class='ocrx_word' id='word_1_113' title='bbox 1624 2258 1931 2319; x_wconf 88' lang='lat' dir='ltr'>motum</span> <span class='ocrx_word' id='word_1_114' title='bbox 1972 2230 2226 2315; x_wconf 88' lang='lat' dir='ltr'>rursus</span> <span class='ocrx_word' id='word_1_115' title='bbox 2263 2232 2632 2344; x_wconf 78' lang='lat' dir='ltr'>adaptare</span> <span class='ocrx_word' id='word_1_116' title='bbox 2672 2286 2702 2329; x_wconf 88' lang='lat'>,</span> <span class='ocrx_word' id='word_1_117' title='bbox 2778 2240 2861 2315; x_wconf 87' lang='lat'>&amp;</span> <span class='ocrx_word' id='word_1_118' title='bbox 2920 2228 3333 2343; x_wconf 77' lang='lat' dir='ltr'>disponere</span> <span class='ocrx_word' id='word_1_119' title='bbox 3381 2232 3482 2319; x_wconf 87' lang='lat' dir='ltr'>ad</span> <span class='ocrx_word' id='word_1_120' title='bbox 3521 2230 3801 2317; x_wconf 84' lang='lat' dir='ltr'>horam</span> <span class='ocrx_word' id='word_1_121' title='bbox 3839 2263 3978 2349; x_wconf 84' lang='lat' dir='ltr'>pet</span> <span class='ocrx_word' id='word_1_122' title='bbox 4016 2238 4149 2321; x_wconf 86' lang='lat' dir='ltr'>So.</span> 
     </span>
     <span class='ocr_line' id='line_1_15' title="bbox 1484 2342 4154 2455; baseline 0.001 -26"><span class='ocrx_word' id='word_1_123' title='bbox 1484 2346 1644 2431; x_wconf 86' lang='lat' dir='ltr'>lem</span> <span class='ocrx_word' id='word_1_124' title='bbox 1701 2364 2214 2453; x_wconf 85' lang='lat' dir='ltr'>compertam.</span> <span class='ocrx_word' id='word_1_125' title='bbox 2309 2342 2854 2453; x_wconf 89' lang='lat' dir='ltr'>computando</span> <span class='ocrx_word' id='word_1_126' title='bbox 2919 2368 3158 2450; x_wconf 82' lang='lat' dir='ltr'>porro</span> <span class='ocrx_word' id='word_1_127' title='bbox 3213 2342 3798 2453; x_wconf 82' lang='lat' dir='ltr'>longitudinem</span> <span class='ocrx_word' id='word_1_128' title='bbox 3826 2346 3926 2429; x_wconf 89' lang='lat' dir='ltr'>ab</span> <span class='ocrx_word' id='word_1_129' title='bbox 3954 2348 4154 2455; x_wconf 79' lang='lat' dir='ltr'>ejus-</span> 
     </span>
     <span class='ocr_line' id='line_1_16' title="bbox 1490 2450 4162 2547; baseline -0.002 -7"><span class='ocrx_word' id='word_1_130' title='bbox 1490 2460 1673 2541; x_wconf 89' lang='lat' dir='ltr'>dem</span> <span class='ocrx_word' id='word_1_131' title='bbox 1726 2456 1890 2547; x_wconf 85' lang='lat' dir='ltr'>loci</span> <span class='ocrx_word' id='word_1_132' title='bbox 1950 2453 2096 2536; x_wconf 79' lang='lat' dir='ltr'>vifi</span> <span class='ocrx_word' id='word_1_133' title='bbox 2156 2452 2638 2543; x_wconf 69' lang='lat' dir='ltr'>Meridiano„</span> <span class='ocrx_word' id='word_1_134' title='bbox 2753 2451 2983 2536; x_wconf 74' lang='lat' dir='ltr'>Nam</span> <span class='ocrx_word' id='word_1_135' title='bbox 3035 2450 3476 2537; x_wconf 87' lang='lat' dir='ltr'>nullatenus</span> <span class='ocrx_word' id='word_1_136' title='bbox 3531 2456 3815 2541; x_wconf 86' lang='lat' dir='ltr'>teneris</span> <span class='ocrx_word' id='word_1_137' title='bbox 3855 2480 4162 2543; x_wconf 79' lang='lat' dir='ltr'>certum¹</span> 
     </span>
     <span class='ocr_line' id='line_1_17' title="bbox 1488 2556 4166 2679; baseline 0.001 -26"><span class='ocrx_word' id='word_1_138' title='bbox 1488 2568 2029 2663; x_wconf 86' lang='lat' dir='ltr'>Meridianum</span> <span class='ocrx_word' id='word_1_139' title='bbox 2067 2556 2394 2671; x_wconf 79' lang='lat' dir='ltr'>alicujus</span> <span class='ocrx_word' id='word_1_140' title='bbox 2433 2563 2594 2645; x_wconf 92' lang='lat' dir='ltr'>loci</span> <span class='ocrx_word' id='word_1_141' title='bbox 2629 2564 2938 2677; x_wconf 86' lang='lat' dir='ltr'>cogniti</span> <span class='ocrx_word' id='word_1_142' title='bbox 2976 2619 3005 2660; x_wconf 88' lang='lat'><strong>,</strong></span> <span class='ocrx_word' id='word_1_143' title='bbox 3086 2593 3235 2674; x_wconf 89' lang='lat' dir='ltr'>pro</span> <span class='ocrx_word' id='word_1_144' title='bbox 3273 2564 3508 2647; x_wconf 90' lang='lat' dir='ltr'>initio</span> <span class='ocrx_word' id='word_1_145' title='bbox 3543 2570 4166 2679; x_wconf 78' lang='lat' dir='ltr'>computationis.</span> 
     </span>
     <span class='ocr_line' id='line_1_18' title="bbox 1490 2672 4123 2808; baseline 0.002 -47"><span class='ocrx_word' id='word_1_146' title='bbox 1490 2678 2094 2790; x_wconf 86' lang='lat' dir='ltr'>longitudinum</span> <span class='ocrx_word' id='word_1_147' title='bbox 2154 2675 2434 2759; x_wconf 86' lang='lat' dir='ltr'>habere</span> <span class='ocrx_word' id='word_1_148' title='bbox 2476 2738 2507 2779; x_wconf 84' lang='lat'>,</span> <span class='ocrx_word' id='word_1_149' title='bbox 2591 2678 2810 2784; x_wconf 87' lang='lat' dir='ltr'>cujus</span> <span class='ocrx_word' id='word_1_150' title='bbox 2851 2672 3032 2761; x_wconf 89' lang='lat' dir='ltr'>usus</span> <span class='ocrx_word' id='word_1_151' title='bbox 3070 2697 3379 2759; x_wconf 86' lang='lat' dir='ltr'>tantum</span> <span class='ocrx_word' id='word_1_152' title='bbox 3419 2676 3534 2759; x_wconf 89' lang='lat' dir='ltr'>est</span> <span class='ocrx_word' id='word_1_153' title='bbox 3567 2680 3653 2759; x_wconf 91' lang='lat' dir='ltr'>in</span> <span class='ocrx_word' id='word_1_154' title='bbox 3689 2681 3997 2808; x_wconf 81' lang='lat' dir='ltr'>mappis</span> <span class='ocrx_word' id='word_1_155' title='bbox 4033 2710 4123 2767; x_wconf 86' lang='lat' dir='ltr'>ve</span> 
     </span>
     <span class='ocr_line' id='line_1_19' title="bbox 1496 2782 4164 2897; baseline 0.002 -24"><span class='ocrx_word' id='word_1_156' title='bbox 1496 2788 1839 2873; x_wconf 86' lang='lat' dir='ltr'>Tabulis</span> <span class='ocrx_word' id='word_1_157' title='bbox 1910 2787 2537 2897; x_wconf 83' lang='lat' dir='ltr'>longitudinum,</span> <span class='ocrx_word' id='word_1_158' title='bbox 2612 2786 2693 2865; x_wconf 91' lang='lat' dir='ltr'>in</span> <span class='ocrx_word' id='word_1_159' title='bbox 2753 2813 2923 2896; x_wconf 85' lang='lat' dir='ltr'>quo</span> <span class='ocrx_word' id='word_1_160' title='bbox 2959 2782 3138 2869; x_wconf 89' lang='lat' dir='ltr'>casu</span> <span class='ocrx_word' id='word_1_161' title='bbox 3194 2785 3340 2869; x_wconf 91' lang='lat' dir='ltr'>usu</span> <span class='ocrx_word' id='word_1_162' title='bbox 3396 2791 3628 2872; x_wconf 88' lang='lat' dir='ltr'>venit·</span> <span class='ocrx_word' id='word_1_163' title='bbox 3679 2790 4164 2879; x_wconf 76' lang='lat' dir='ltr'>Mendianus</span> 
     </span>
     <span class='ocr_line' id='line_1_20' title="bbox 1470 2896 4162 3001; baseline 0.001 -16"><span class='ocrx_word' id='word_1_164' title='bbox 1470 2903 1787 2985; x_wconf 80' lang='lat' dir='ltr'>&#39;montis</span> <span class='ocrx_word' id='word_1_165' title='bbox 1830 2898 2003 2981; x_wconf 91' lang='lat' dir='ltr'>Pici</span> <span class='ocrx_word' id='word_1_166' title='bbox 2043 2902 2123 2981; x_wconf 90' lang='lat' dir='ltr'>in</span> <span class='ocrx_word' id='word_1_167' title='bbox 2166 2896 2414 2981; x_wconf 86' lang='lat' dir='ltr'>insula</span> <span class='ocrx_word' id='word_1_168' title='bbox 2449 2898 2858 2980; x_wconf 69' lang='lat' dir='ltr'>Tenet-iffa</span> <span class='ocrx_word' id='word_1_169' title='bbox 2897 2960 2924 3001; x_wconf 87' lang='lat'><strong>,</strong></span> <span class='ocrx_word' id='word_1_170' title='bbox 2998 2896 3130 2980; x_wconf 84' lang='lat' dir='ltr'>vel</span> <span class='ocrx_word' id='word_1_171' title='bbox 3189 2898 3688 2989; x_wconf 84' lang='lat' dir='ltr'>Meridianus</span> <span class='ocrx_word' id='word_1_172' title='bbox 3745 2902 4162 2989; x_wconf 76' lang='lat' dir='ltr'>insularum</span> 
     </span>
     <span class='ocr_line' id='line_1_21' title="bbox 1498 3007 4174 3105; baseline 0.001 -8"><span class='ocrx_word' id='word_1_173' title='bbox 1498 3016 1782 3102; x_wconf 88' lang='lat' dir='ltr'>Corvo</span> <span class='ocrx_word' id='word_1_174' title='bbox 1820 3018 1901 3094; x_wconf 85' lang='lat'>&amp;</span> <span class='ocrx_word' id='word_1_175' title='bbox 1942 3008 2219 3097; x_wconf 78' lang='lat' dir='ltr'>Flotes</span> <span class='ocrx_word' id='word_1_176' title='bbox 2262 3064 2291 3105; x_wconf 87' lang='lat'>‚</span> <span class='ocrx_word' id='word_1_177' title='bbox 2362 3007 3236 3095; x_wconf 79' lang='lat' dir='ltr'>occidentaliffimamm-</span> <span class='ocrx_word' id='word_1_178' title='bbox 3281 3012 3648 3095; x_wconf 82' lang='lat' dir='ltr'>Azorum</span> <span class='ocrx_word' id='word_1_179' title='bbox 3701 3014 3834 3101; x_wconf 86' lang='lat' dir='ltr'>vel</span> <span class='ocrx_word' id='word_1_180' title='bbox 3889 3014 4174 3101; x_wconf 79' lang='lat' dir='ltr'>insula--</span> 
     </span>
     <span class='ocr_line' id='line_1_22' title="bbox 1494 3118 4166 3241; baseline -0.002 -34"><span class='ocrx_word' id='word_1_181' title='bbox 1494 3153 1667 3208; x_wconf 68' lang='lat' dir='ltr'>tum</span> <span class='ocrx_word' id='word_1_182' title='bbox 1707 3124 1777 3209; x_wconf 83' lang='lat' dir='ltr'>F</span> <span class='ocrx_word' id='word_1_183' title='bbox 1785 3120 2302 3205; x_wconf 78' lang='lat' dir='ltr'>laudi-icarum</span> <span class='ocrx_word' id='word_1_184' title='bbox 2343 3175 2369 3216; x_wconf 91' lang='lat'><strong>,</strong></span> <span class='ocrx_word' id='word_1_185' title='bbox 2428 3118 2562 3202; x_wconf 87' lang='lat' dir='ltr'>vel</span> <span class='ocrx_word' id='word_1_186' title='bbox 2602 3122 2942 3230; x_wconf 66' lang='lat' dir='ltr'>cujusvis</span> <span class='ocrx_word' id='word_1_187' title='bbox 2981 3119 3298 3204; x_wconf 88' lang='lat' dir='ltr'>alterius</span> <span class='ocrx_word' id='word_1_188' title='bbox 3334 3119 3536 3207; x_wconf 88' lang='lat' dir='ltr'>loci:</span> <span class='ocrx_word' id='word_1_189' title='bbox 3597 3132 3680 3207; x_wconf 79' lang='grc' dir='ltr'>δε</span> <span class='ocrx_word' id='word_1_190' title='bbox 3716 3126 3922 3217; x_wconf 82' lang='lat' dir='ltr'>foret</span> <span class='ocrx_word' id='word_1_191' title='bbox 3954 3155 4166 3241; x_wconf 80' lang='lat' dir='ltr'>egre.</span> 
     </span>
     <span class='ocr_line' id='line_1_23' title="bbox 1492 3229 4178 3351; baseline -0.001 -34"><span class='ocrx_word' id='word_1_192' title='bbox 1492 3240 1716 3351; x_wconf 89' lang='lat' dir='ltr'>gium</span> <span class='ocrx_word' id='word_1_193' title='bbox 1776 3232 2051 3344; x_wconf 82' lang='lat' dir='ltr'>(quod</span> <span class='ocrx_word' id='word_1_194' title='bbox 2086 3259 2245 3315; x_wconf 90' lang='lat' dir='ltr'>non</span> <span class='ocrx_word' id='word_1_195' title='bbox 2281 3229 2638 3341; x_wconf 86' lang='lat' dir='ltr'>obtinet)</span> <span class='ocrx_word' id='word_1_196' title='bbox 2695 3231 2752 3313; x_wconf 86' lang='lat' dir='ltr'>fi</span> <span class='ocrx_word' id='word_1_197' title='bbox 2797 3258 3071 3315; x_wconf 89' lang='lat' dir='ltr'>omnes</span> <span class='ocrx_word' id='word_1_198' title='bbox 3112 3232 3468 3324; x_wconf 71' lang='lat' dir='ltr'>austeres</span> <span class='ocrx_word' id='word_1_199' title='bbox 3507 3264 3760 3321; x_wconf 88' lang='lat' dir='ltr'>unum</span> <span class='ocrx_word' id='word_1_200' title='bbox 3798 3238 4178 3323; x_wconf 87' lang='lat' dir='ltr'>eundem-.</span> 
     </span>
     <span class='ocr_line' id='line_1_24' title="bbox 1500 3343 4182 3475; baseline -0.002 -45"><span class='ocrx_word' id='word_1_201' title='bbox 1500 3376 1662 3457; x_wconf 89' lang='lat' dir='ltr'>que</span> <span class='ocrx_word' id='word_1_202' title='bbox 1719 3344 2262 3427; x_wconf 81' lang='lat' dir='ltr'>Meridianum</span> <span class='ocrx_word' id='word_1_203' title='bbox 2311 3368 2462 3453; x_wconf 85' lang='lat' dir='ltr'>pro</span> <span class='ocrx_word' id='word_1_204' title='bbox 2516 3345 2775 3453; x_wconf 88' lang='lat' dir='ltr'>primo</span> <span class='ocrx_word' id='word_1_205' title='bbox 2831 3343 3209 3456; x_wconf 83' lang='lat' dir='ltr'>eligerent</span> <span class='ocrx_word' id='word_1_206' title='bbox 3247 3398 3276 3439; x_wconf 89' lang='lat'>‚</span> <span class='ocrx_word' id='word_1_207' title='bbox 3350 3366 3440 3427; x_wconf 86' lang='lat' dir='ltr'>ut</span> <span class='ocrx_word' id='word_1_208' title='bbox 3478 3345 3810 3475; x_wconf 84' lang='lat' dir='ltr'>&#39;fingula</span> <span class='ocrx_word' id='word_1_209' title='bbox 3833 3351 4016 3437; x_wconf 89' lang='lat' dir='ltr'>loca</span> <span class='ocrx_word' id='word_1_210' title='bbox 4051 3354 4182 3435; x_wconf 78' lang='lat' dir='ltr'>iis...</span> 
     </span>
     <span class='ocr_line' id='line_1_25' title="bbox 1504 3454 4194 3567; baseline 0.001 -25"><span class='ocrx_word' id='word_1_211' title='bbox 1504 3463 1685 3543; x_wconf 85' lang='lat' dir='ltr'>dem</span> <span class='ocrx_word' id='word_1_212' title='bbox 1744 3457 2109 3567; x_wconf 84' lang='lat' dir='ltr'>gradibus</span> <span class='ocrx_word' id='word_1_213' title='bbox 2170 3454 2692 3565; x_wconf 74' lang='lat' dir='ltr'>longitudinis</span> <span class='ocrx_word' id='word_1_214' title='bbox 2749 3456 3035 3565; x_wconf 88' lang='lat' dir='ltr'>pariter</span> <span class='ocrx_word' id='word_1_215' title='bbox 3089 3484 3180 3541; x_wconf 91' lang='lat' dir='ltr'>ac</span> <span class='ocrx_word' id='word_1_216' title='bbox 3241 3454 3672 3540; x_wconf 85' lang='lat' dir='ltr'>latitudims</span> <span class='ocrx_word' id='word_1_217' title='bbox 3709 3462 4194 3547; x_wconf 58' lang='lat' dir='ltr'>determina-t</span> 
     </span>
     <span class='ocr_line' id='line_1_26' title="bbox 1506 3564 4196 3678; baseline -0.001 -27"><span class='ocrx_word' id='word_1_218' title='bbox 1506 3590 1813 3653; x_wconf 85' lang='lat' dir='ltr'>rentur:</span> <span class='ocrx_word' id='word_1_219' title='bbox 1874 3568 2013 3659; x_wconf 80' lang='lat' dir='ltr'>sed</span> <span class='ocrx_word' id='word_1_220' title='bbox 2046 3570 2127 3647; x_wconf 88' lang='lat' dir='ltr'>in</span> <span class='ocrx_word' id='word_1_221' title='bbox 2170 3566 2446 3646; x_wconf 88' lang='lat' dir='ltr'>itinere</span> <span class='ocrx_word' id='word_1_222' title='bbox 2482 3564 2660 3647; x_wconf 81' lang='lat' dir='ltr'>satis</span> <span class='ocrx_word' id='word_1_223' title='bbox 2695 3564 2808 3649; x_wconf 88' lang='lat' dir='ltr'>est</span> <span class='ocrx_word' id='word_1_224' title='bbox 2847 3566 3436 3678; x_wconf 83' lang='lat' dir='ltr'>longitudinum</span> <span class='ocrx_word' id='word_1_225' title='bbox 3471 3567 4005 3659; x_wconf 84' lang='lat' dir='ltr'>differentiam</span> <span class='ocrx_word' id='word_1_226' title='bbox 4043 3576 4196 3658; x_wconf 83' lang='lat' dir='ltr'>ob..</span> 
     </span>
     <span class='ocr_line' id='line_1_27' title="bbox 1504 3672 4212 3877; baseline 0.001 -114"><span class='ocrx_word' id='word_1_227' title='bbox 1504 3680 1801 3877; x_wconf 54' lang='lat' dir='ltr'>{eryate</span> <span class='ocrx_word' id='word_1_228' title='bbox 1820 3734 1849 3779; x_wconf 86' lang='lat'>,</span> <span class='ocrx_word' id='word_1_229' title='bbox 1901 3678 2135 3767; x_wconf 88' lang='lat' dir='ltr'>initio</span> <span class='ocrx_word' id='word_1_230' title='bbox 2172 3676 2794 3799; x_wconf 72' lang='lat' dir='ltr'>computationis</span> <span class='ocrx_word' id='word_1_231' title='bbox 2817 3672 3034 3775; x_wconf 57' lang='lat' dir='ltr'>facto</span> <span class='ocrx_word' id='word_1_232' title='bbox 3073 3706 3120 3773; x_wconf 82' lang='lat' dir='ltr'>a</span> <span class='ocrx_word' id='word_1_233' title='bbox 3156 3676 3612 3771; x_wconf 83' lang='lat' dir='ltr'>Meridiano</span> <span class='ocrx_word' id='word_1_234' title='bbox 3643 3672 4212 3800; x_wconf 63' lang='lat' dir='ltr'>cujuscunque-</span> 
     </span>
     <span class='ocr_line' id='line_1_28' title="bbox 1540 3820 3898 3884; baseline -0.017 -7"><span class='ocrx_word' id='word_1_235' title='bbox 1540 3820 1690 3884; x_wconf 77' lang='lat' dir='ltr'>oci.</span> <span class='ocrx_word' id='word_1_236' title='bbox 3891 3829 3898 3836; x_wconf 91' lang='lat'>.</span> 
     </span>
    </p>
   </div>
   <div class='ocr_carea' id='block_1_3' title="bbox 1628 4092 4228 4486">
    <p class='ocr_par' dir='ltr' id='par_1_3' title="bbox 1628 4092 4228 4486">
     <span class='ocr_line' id='line_1_29' title="bbox 2615 4092 3026 4191; baseline 0.005 -2"><span class='ocrx_word' id='word_1_237' title='bbox 2615 4102 2622 4109; x_wconf 86' lang='grc'><strong>’</strong></span> <span class='ocrx_word' id='word_1_238' title='bbox 2701 4092 2792 4190; x_wconf 85' lang='lat' dir='ltr'>X</span> <span class='ocrx_word' id='word_1_239' title='bbox 2843 4098 2890 4185; x_wconf 95' lang='lat'>1</span> <span class='ocrx_word' id='word_1_240' title='bbox 2943 4092 3026 4191; x_wconf 53' lang='lat' dir='ltr'>It</span> 
     </span>
     <span class='ocr_line' id='line_1_30' title="bbox 1628 4320 4228 4486; baseline 0.005 -36"><span class='ocrx_word' id='word_1_241' title='bbox 1628 4368 1715 4450; x_wconf 89' lang='lat' dir='ltr'>Si</span> <span class='ocrx_word' id='word_1_242' title='bbox 1755 4364 2063 4450; x_wconf 81' lang='lat' dir='ltr'>accidat</span> <span class='ocrx_word' id='word_1_243' title='bbox 2102 4364 2130 4472; x_wconf 71' lang='lat'><em>3</em></span> <span class='ocrx_word' id='word_1_244' title='bbox 2200 4380 2296 4447; x_wconf 83' lang='lat' dir='ltr'>ut</span> <span class='ocrx_word' id='word_1_245' title='bbox 2331 4320 2522 4447; x_wconf 79' lang='lat' dir='ltr'>mari</span> <span class='ocrx_word' id='word_1_246' title='bbox 2547 4338 2564 4351; x_wconf 55' lang='grc'><strong><em>’</em></strong></span> <span class='ocrx_word' id='word_1_247' title='bbox 2577 4360 2846 4448; x_wconf 83' lang='lat' dir='ltr'>medio</span> <span class='ocrx_word' id='word_1_248' title='bbox 2903 4361 3171 4448; x_wconf 87' lang='lat' dir='ltr'>omnia</span> <span class='ocrx_word' id='word_1_249' title='bbox 3226 4364 3696 4483; x_wconf 86' lang='lat' dir='ltr'>Horologia·</span> <span class='ocrx_word' id='word_1_250' title='bbox 3741 4368 4228 4486; x_wconf 67' lang='lat' dir='ltr'>quiescant,</span> 
     </span>
    </p>
   </div>
   <div class='ocr_carea' id='block_1_4' title="bbox 1510 4474 4228 4707">
    <p class='ocr_par' dir='ltr' id='par_1_4' title="bbox 1510 4474 4228 4707">
     <span class='ocr_line' id='line_1_31' title="bbox 1510 4474 4228 4609; baseline 0.003 -42"><span class='ocrx_word' id='word_1_251' title='bbox 1510 4508 1753 4599; x_wconf 84' lang='lat' dir='ltr'>quam</span> <span class='ocrx_word' id='word_1_252' title='bbox 1789 4479 2131 4599; x_wconf 84' lang='lat' dir='ltr'>primum</span> <span class='ocrx_word' id='word_1_253' title='bbox 2176 4474 2366 4609; x_wconf 33' lang='lat' dir='ltr'>fieti·</span> <span class='ocrx_word' id='word_1_254' title='bbox 2393 4474 2653 4599; x_wconf 86' lang='lat' dir='ltr'>potest</span> <span class='ocrx_word' id='word_1_255' title='bbox 2671 4532 2719 4595; x_wconf 33' lang='lat'>,-</span> <span class='ocrx_word' id='word_1_256' title='bbox 2773 4474 3032 4599; x_wconf 64' lang='lat' dir='ltr'>rursus</span> <span class='ocrx_word' id='word_1_257' title='bbox 3067 4478 3337 4599; x_wconf 76' lang='lat' dir='ltr'>eadem</span> <span class='ocrx_word' id='word_1_258' title='bbox 3375 4482 3480 4567; x_wconf 81' lang='lat' dir='ltr'>ad</span> <span class='ocrx_word' id='word_1_259' title='bbox 3508 4504 3824 4601; x_wconf 85' lang='lat' dir='ltr'>motum.</span> <span class='ocrx_word' id='word_1_260' title='bbox 3858 4490 4172 4609; x_wconf 83' lang='lat' dir='ltr'>adapta</span> <span class='ocrx_word' id='word_1_261' title='bbox 4191 4552 4228 4597; x_wconf 69' lang='lat'>‚</span> 
     </span>
     <span class='ocr_line' id='line_1_32' title="bbox 1529 4620 4228 4707; baseline 0.002 -6"><span class='ocrx_word' id='word_1_262' title='bbox 1529 4641 1537 4649; x_wconf 91' lang='lat'>·</span> <span class='ocrx_word' id='word_1_263' title='bbox 4131 4620 4228 4707; x_wconf 65' lang='lat'>,¹12</span> 
     </span>
    </p>
   </div>
   <div class='ocr_carea' id='block_1_5' title="bbox 1462 4832 1506 4847">
    <p class='ocr_par' dir='ltr' id='par_1_5' title="bbox 1462 4832 1506 4847">
     <span class='ocr_line' id='line_1_33' title="bbox 1462 4832 1506 4847; baseline 0 0"><span class='ocrx_word' id='word_1_264' title='bbox 1462 4832 1506 4847; x_wconf 56' lang='lat'><strong><em>‘</em></strong></span> 
     </span>
    </p>
   </div>
   <div class='ocr_carea' id='block_1_6' title="bbox 4361 38 4373 924">
    <p class='ocr_par' dir='ltr' id='par_1_6' title="bbox 4361 38 4373 924">
     <span class='ocr_line' id='line_1_34' title="bbox 4361 38 4373 924; baseline 0 0"><span class='ocrx_word' id='word_1_265' title='bbox 4361 38 4373 924; x_wconf 95' lang='lat' dir='ltr'> </span> 
     </span>
    </p>
   </div>
  </div>
 </body>
</html>
