4517 5784
966 342 2661 532 co'NTRovERsIA.-
3015 420 3178 539 219

490 559 897 645 ¹radiorum
933 554 1015 641 D
1070 556 1141 639 F
1188 517 1268 641 8⁹:
1308 554 1391 637 D
1432 555 1553 647 G,
1591 558 1731 639 ,vel
1754 558 2003 631 horum
2024 557 2644 669 proportionalium
2687 554 2754 635 A·
2791 559 2871 637 H
2905 558 2980 635 &
3018 564 3076 635 Β
3113 568 3173 637 Ι·

492 699 673 756 nam
730 668 799 753 se
860 664 1103 752 ara-tio
1160 666 1599 779 ponderum
1656 695 1815 749 non
1880 688 2136 749 mutat
2173 668 2696 776 quantitatem
2734 688 2994 754 motus
3035 699 3166 753 eo-

497 810 712 865 rum:
752 697 998 862 eflicit
1040 800 1131 861 ut
1170 800 1629 861 moveantur
1654 782 1887 887 juxta
1928 778 2185 892 legem
2224 774 2648 887 corporum
2685 778 3165 881 cadentium,

493 920 671 1003 quae
750 919 909 973 non
985 890 1187 975 inter
1244 885 1319 973 se
1375 890 1787 999 conjuncta
1842 890 2043 973 sunt.
2163 888 2782 991 ,Demonstratur
2837 889 2922 975 in
2951 893 3172 977 ‘Med

470 1004 832 1087 chameis
870 1065 901 1106 ,
972 1000 1464 1086 altitudinem
1511 1002 2239 1113 perpendicularem
2273 1002 2374 1083 ad
2411 1002 2962 1108 horizontem,
3011 1034 3160 1089 un,-

478 1117 585 1208 de
645 1113 1093 1217 descendit,
1154 1113 1281 1197 vel
1328 1114 1439 1199 'ad
1496 1142 1738 1224 quam
1798 1109 2144 1203 ascendit
2184 1177 2213 1217 ,
2277 1141 2690 1197 commune
2747 1102 3155 1232 gravitatis

470 1245 847 1325 §entrum
904 1225 1329 1309 multorum
1367 1226 1857 1337 ponderum,
1894 1225 2278 1334 :equalem
2333 1224 2482 1310 effe
2521 1224 2840 1315 summae
2882 1225 3156 1311 altitu}-

480 1339 763 1435 dinum
798 1392 827 1436 ,
917 1362 1279 1445 quarum,
1314 1335 1667 1447 respchu
1746 1334 1795 1447 (
1826 1336 2113 1448 gallice
2167 1356 2315 1449 par
2369 1354 2637 1453 raport
2676 1334 3055 1450 auquelles
3074 1340 3150 1453 2.

464 1452 829 1571 pondera
862 1444 1346 1534 descendunt
1386 1448 1516 1543 vel
1550 1446 2023 1548 ascendunt,
2060 1446 2330 1533 divisae
2369 1472 2510 1558 per
2543 1450 2969 1533 eorundem
3009 1480 3150 1534 nu·
3289 1502 3314 1523 ·

464 1590 809 1673 mertum:
892 1557 1027 1641 sed
1068 1559 1569 1668 probavimus
1602 1560 1951 1671 pondera
1988 1624 2017 1664 ‚
2093 1582 2274 1671 quae
2319 1559 2770 1669 separantur
2803 1624 2832 1664 ,
2883 1576 3148 1673 ‘rupto

470 1672 837 1781 pendulo
866 1670 1349 1781 percuffione
1390 1673 1473 1755 in
1520 1672 1849 1783 planum
1890 1670 2364 1762 oscillationi
2401 1671 2616 1773 illius
2642 1668 3149 1783 oppositum,

464 1784 787 1879 iterum·
816 1780 1213 1875 ascensura
1266 1781 1417 1873 effe
1456 1838 1487 1879 ,
1560 1784 1663 1868 ad
1696 1783 2151 1885 altitudines
2186 1779 2528 1885 diversas
2567 1784 2668 1885 ab
2702 1786 2793 1867 iis
2831 1847 2860 1888 ‚
2933 1788 3144 1872 unde

454 1894 1041 1989 ‘descenderunt
1056 1912 1095 1990 ‚'
1142 1898 1217 1974 &
1248 1900 1543 1997 quidem
1574 1903 1739 1984 tales
1758 1958 1781 1993 ,
1820 1924 1901 1981 ut
1938 1902 2224 1981 summae
2252 1900 2338 1975 ad
2371 1924 2738 2000 utramque
2765 1926 3022 2003 partem
3055 1932 3150 1981 a:-

464 2007 707 2103 quales
738 2004 1249 2101 elle-nequeant
1286 2034 1309 2096 3
1368 2032 1521 2095 nam
1562 2007 1827 2091 ultimae
1859 2006 2255 2097 altitudines
2276 2006 2554 2107 semper
2587 2008 2836 2086 habent
2875 2035 3002 2109 pro
3039 2037 3144 2086 ra-

470 2099 741 2199 dicibus
781 2100 1183 2200 quantitates
1217 2103 1453 2207 primis
1488 2104 2075 2207 proportionales,
2116 2106 2193 2181 δε
2227 2104 2844 2205 praetereaeandem
2865 2157 2890 2197 ‚
2933 2132 3147 2205 quam

467 2224 713 2281 eorum
748 2200 999 2275 radices
1030 2223 1523 2295 componentes
1555 2199 1886 2282 summam
1917 2256 1942 2292 ,
1995 2226 2155 2301 quae
2206 2202 2531 2301 exprimit
2574 2223 2792 2282 totam
2836 2204 3139 2281 celerita-

455 2316 605 2382 ‘tem
642 2307 933 2405 penduli
966 2306 1031 2379 A
1066 2302 1125 2387 B
1142 2333 1169 2397 3
1215 2300 1267 2381 fi
1308 2328 1499 2413 ergo
1537 2299 1879 2403 diversas
1916 2298 2091 2387 illas
2126 2296 2455 2393 summas
2491 2298 2896 2411 separatim
2932 2300 3141 2393 divi÷

454 2412 740 2502 ‘damus
782 2440 924 2521 per
961 2436 1366 2505 numerum
1400 2412 1843 2521 ponderum
1886 2476 1915 2515 ‚
1986 2412 2441 2496 habebimus
2499 2410 2996 2494 altitudinem
3034 2418 3137 2499 ad

531 2512 705 2603 uam
766 2531 1117 2603 'centrum
1174 2528 1597 2600 commune
1636 2520 2036 2627 gravitatis
2076 2522 2356 2597 iterum
2391 2518 2738 2601 ascendit
2769 2572 2797 2610 ,
2843 2516 3137 2604 ‘diver-

460 2550 625 2729 Zm
668 2632 765 2713 ab
803 2632 983 2735 illa,
1038 2628 1249 2713 unde
1289 2624 1698 2723 descendit
1722 2673 1747 2727 3
1806 2626 2184 2736 quoniam
2228 2626 2406 2711 sunt
2455 2647 2710 2739 partes
2751 2628 3131 2741 aliquotae

464 2741 752 2837 similes
791 2742 1324 2862 quantitatum
1364 2736 1899 2851 inaequalium.
2007 2740 2019 2750 '
3089 2777 3094 2786 ·

585 2852 1039 2967 Propofitio
1077 2852 1319 2962 igitur
1354 2849 1685 2933 Domini
1710 2848 2074 2961 Hugenii
2096 2848 2285 2935 falsa
2304 2848 2445 2950 est,
2467 2861 2544 2937 δε
2567 2852 3132 2965 consequenter

450 2964 872 3078 quidquid
904 2959 1286 3044 conclusit
1328 2958 1535 3049 circa
1576 2960 2512 3044 centrum‘Oscillationis
2553 2966 2894 3067 corruit3
2951 2993 3136 3053 vera

450 3082 727 3165 ²a'utem
764 3071 1337 3160 Mathematica
1371 3069 1597 3183 hujus
1638 3069 2087 3185 quaestionis
2125 3070 2420 3156 solutio
2455 3074 2626 3158 haec
2661 3072 2794 3158 est.
2889 3066 2902 3075 ’

1702 3298 1873 3383 11.

652 3488 660 3496 ·
763 3442 1157 3555 Domini
1206 3444 1605 3552 Abbatis
1651 3448 2089 3554 Catelam'
2136 3448 2558 3555 Examen
2606 3438 2832 3579 Ma·

945 3590 1551 3692 thematicum
1598 3590 1925 3693 Centri
1968 3588 2620 3729 Oscillatiwis.

686 3791 993 3886 Uaestio
1013 3787 1114 3882 de
1136 3802 1728 3883 determinando
1750 3822 2022 3883 centro
2048 3801 2598 3883 Oscillationis
2625 3858 2650 3897 ,
2705 3800 2760 3881 fi
2803 3801 3130 3888 benein·

380 3920 390 3936 '
444 3810 1045 4068 'Qtellec'ta
1066 3910 1331 4016 fuerit,
1370 3910 1600 3993 'haud
1618 3910 1963 3993 difficilis
1985 3904 2116 3991 est.
2180 3912 2574 4021 Centrum
2595 3908 3140 4001 Oscillationis

746 4046 1069 4108 vocatur
1111 4022 1498 4137 punctum
1542 4021 1835 4108 mobile
1873 4022 1953 4101 in
1992 4021 2358 4121 Pendulo
2397 4021 2497 4104 ad
2533 4022 2767 4106 talem
2807 4026 2906 4107 ab
2939 4054 3085 4117 axe
3118 4074 3174 4129 ,·

465 4136 599 4223 ‘vel
627 4158 898 4219 centro
923 4134 1467 4247 suspensioniS,
1509 4130 1950 4221 distantiam
1974 4197 2003 4237 ,
2038 4155 2151 4215 ·ut
2188 4132 2239 4215 fi
2285 4162 2556 4217 omnes
2593 4136 2761 4220 aliae
2802 4138 3140 4221 Penduli

464 4270 722 4359 pantes
757 4246 1319 4356 destruerentur
1358 4304 1385 4345 ,
1459 4243 1591 4327 illa
1654 4240 1816 4328 sola
1869 4266 2225 4369 pergeret
2277 4246 2362 4329 in
2426 4248 2988 4329 vibrationibus
3047 4271 3140 4333 ut

466 4376 690 4446 antea
712 4404 733 4457 3
796 4360 883 4441 id
920 4358 1029 4441 est
1062 4359 1345 4446 eodem
1388 4380 1539 4437 tem
1604 4386 1734 4448 ote
1772 4386 1863 4449 ac
1904 4360 2183 4451 totum*
2208 4356 2701 4456 Pendttlum3
2757 4360 3012 4465 Qod
3029 4361 3144 4442 itu

438 4470 635 4553 'non'
690 4469 828 4555 fiet
888 4494 1073 4556 cum
1114 4470 1298 4555 aliis
1354 4467 1559 4581 parti
1744 4464 2095 4660 lingui-li}3
2102 4463 2510 4575 separatim
2545 4465 2825 4552 :sumtis
2863 4512 2889 4570 ³
2965 4496 3144 4581 nam

1272 4600 1287 4619 ·
1388 4601 1400 4616 ’
1960 4591 1997 4627 ⁴·-
2111 4587 2669 4665 e.2·'·',-·‘-‘—
2831 4601 3140 4690 --quae
3279 4588 3294 4593 “
