4517 5784
1013 439 2669 548 DESCRIPTIONES.
3038 476 3206 558 271*

521 607 928 726 accipiat,
955 599 1221 686 minus
1252 603 1522 676 tamen
1551 581 2002 691 diffundet,
2049 582 2521 691 longiusque
2563 575 2895 690 proinde
2931 581 3185 687 ejacu-

509 726 828 816 bibitur.-
985 722 992 732 ⁵

641 840 1066 942 Quantum·
1113 816 1506 932 igitur-ad
1561 811 1726 894 haec
1783 806 2064 889 attinet
2107 866 2134 907 ,
2208 800 2405 883 n-ihil
2444 803 2870 886 admodum
2908 798 3187 885 referre

515 949 776 1058 liquet
816 963 1170 1053 quaenam
1212 931 1445 1013 fuerit
1484 921 1885 1029 telescopii
1926 917 2360 1026 longitudo
2398 970 2422 1010 ,
2498 905 2631 994 sed
2685 903 2915 1022 aeque
2950 911 3183 996 facile

513 1060 1098 1170 qualiacunque
1133 1049 1222 1124 in·
1255 1042 1479 1122 usum
1517 1035 1834 1117 deduci.
1911 1025 2621 1134 Aliquod-'tantum
2647 1025 3054 1106 discrimen
3096 1027 3179 1104 in

513 1171 727 1252 varia
789 1164 972 1247 mali
1025 1155 1438 1238 altitudine
1495 1145 1832 1257 positum
1870 1137 2042 1221 effe.
2155 1136 2427 1244 Cujus
2450 1137 2773 1242 quidem
2818 1136 3223 1243 parandae'

513 1280 786 1393 plures·
819 1271 1039 1356 modi
1083 1269 1530 1377 suppetunt.
1633 1249 2281 1336 Possumus-enim
2308 1310 2334 1350 ‚
2394 1273 2555 1326 uno
2595 1243 2885 1326 statuto
2924 1247 3181 1340 malo,

513 1394 752 1474 ‘alium
793 1390 950 1494 ejus
987 1407 1227 1490 opera
1265 1372 1518 1482 duplo
1559 1365 1911 1448 altiorem
1947 1365 2177 1468 juxta
2215 1355 2573 1437 attollere
2600 1419 2623 1458 ,
2678 1384 2767 1436 ac
2808 1355 3026 1436 simul
3049 1353 3181 1437 fir-

509 1505 830 1588 miorem
882 1493 1203 1576 reddere
1248 1540 1275 1580 ,
1370 1474 1814 1564 transversis
1875 1472 2136 1554 fibulis
2191 1489 2619 1574 utrumque
2678 1466 3175 1548 conserendo.

513 1619 638 1700 Ac
700 1605 1126 1693 firmissima
1179 1595 1506 1705 quidem
1565 1587 1804 1668 fuerit
1861 1605 2285 1689 compages
2322 1577 2833 1686 hujusmodi,
2914 1577 2965 1656 si
3010 1578 3178 1658 duo

511 1722 702 1808 mali
741 1717 1194 1801 humiliores
1221 1766 1243 1802 ,
1301 1729 1481 1784 curn
1521 1696 1756 1780 tertio
1797 1692 2062 1802 duplae
2105 1690 2536 1770 altitudinis
2565 1751 2588 1788 ‚
2668 1690 2862 1768 binis
2904 1689 3175 1768 ternis·

508 1867 610 1921 ve
647 1829 976 1943 pedibus
1017 1828 1215 1904 inter
1259 1817 1329 1896 se
1371 1808 1742 1902 distent,
1794 1807 1874 1884 in
1913 1786 2399 1909 triangulum
2440 1795 2800 1907 dispositi
2839 1853 2865 1894 ,
2940 1819 3178 1903 atque

508 1951 631 2029 uti
669 1941 1014 2024 diximus
1055 1924 1382 2038 religati.
1497 1925 1692 2029 Qia
1737 1919 2036 1995 ratione
2091 1910 2325 1992 facile
2376 1909 2477 1988 ad
2518 1909 3176 2016 centumpedum

508 2054 1008 2140 altitudinem
1041 2037 1600 2150 perveniemus.
1685 2026 1822 2110 Ad
1865 2023 2479 2128 multo-majores
2522 2047 2760 2122 vere,
2816 2017 3172 2100 velsvali-

505 2167 716 2252 diori
757 2160 1136 2242 malorum
1175 2177 1265 2229 ac
1306 2132 2231 2226 trabium-substruffione
2270 2129 2569 2211 utendo
2602 2192 2627 2231 ,
2706 2128 2832 2210 vel
2876 2130 2977 2208 ad
3016 2151 3178 2210 tur-

508 2283 658 2364 rim
702 2294 836 2356 aut
875 2262 1194 2351 aedificii
1233 2253 1530 2338 altioris
1567 2245 1946 2362 angulum
1990 2240 2357 2324 inferiora
2397 2240 2609 2350 ligna
2646 2239 3177 2348 applicando3

506 2393 618 2478 ita
660 2409 745 2472 ut
785 2381 983 2464 nihil
1026 2397 1288 2456 tamen
1325 2361 1616 2455 obstet,
1676 2385 1842 2467 quo
1879 2357 2130 2438 minus
2177 2418 2201 2455 ‚
2277 2352 2570 2433 ab·imo
2607 2351 2707 2430 ad
2750 2349 3121 2432 summum
3148 2411 3177 2452 ‚
3260 2413 3280 2432 .

505 2490 1082 2608 lens-primaria·
1112 2482 1543 2562 adducatur
1586 2535 1612 2572 ‚
1711 2495 1850 2574 per
1890 2466 2349 2544 continuum
2390 2459 2907 2539 canaliculum
2952 2523 2976 2560 ,
3053 2464 3177 2540 uti

508 2613 894 2696 diximus,
960 2591 1404 2680 ascendens.-
1513 2579 1790 2662 Sed&
1849 2575 2078 2681 super
2114 2572 2309 2651 turri
2346 2590 2479 2649 aut
2512 2569 2793 2649 domus
2836 2568 3175 2650 culmine

511 2724 710 2834 erigi
750 2713 995 2798 malus
1039 2695 1292 2816 potest
1318 2751 1342 2791 ,
1403 2714 1502 2776 ut-
1529 2691 1638 2771 ibi
1675 2683 1927 2767 adstet.
1963 2685 2024 2763 is
2067 2682 2200 2762 cui
2237 2677 2464 2761 funis.
2488 2705 2673 2760 cura
2710 2680 3177 2762 demandata

511 2833 668 2928 est,
725 2829 826 2911 ad
861 2812 1346 2906 evehendam
1385 2796 2050 2887 demittendam-ve
2087 2793 2397 2874 lentem„

619 2945 706 3028 N
716 2971 806 3025 ec
849 2959 1045 3016 vero
1083 2943 1581 3034 praepropera
1617 2933 1748 2992 aut
1785 2907 2271 3016 supervacua
2308 2928 2495 2983 cura·
2532 2899 2699 2982 haec
2742 2901 2787 2978 a
2824 2900 3047 2982 nobis
3088 2927 3175 2980 a-

515 3055 747 3178 gitari
813 3047 990 3155 quis
1051 3054 1331 3148 putet,
1387 3023 1612 3136 quod
1673 3014 2305 3100 verisnnile'non
2338 3010 2427 3090 fit
2466 3010 2585 3090 his
2620 3011 3175 3092 altitudinibus-

514 3193 716 3279 opus
754 3159 944 3244 fore.
989 3151 1198 3232 Ecce
1215 3143 1473 3234 enim,
1528 3135 1722 3213 dum
1764 3129 1932 3210 haec
1952 3125 2246 3226 scribo,
2307 3121 2609 3202 Cassmi
2626 3121 2871 3201 literis
2890 3123 3176 3202 certior

441 3323 480 3339 —·
511 3281 626 3366 fio
648 3284 669 3368 ,'
731 3273 976 3353 lentes
1033 3268 1458 3368 quatuor-‚J
1481 3264 1814 3352 quarum
1833 3238 2166 3319 maxima
2201 3232 2633 3340 telescopio
2673 3233 2964 3342 pedum
2996 3257 3182 3311 cen·

512 3413 685 3472 tum
779 3373 1243 3482 uadi-aginta
1279 3357 1658 3441 destinata
1693 3351 1836 3453 fit,
1893 3349 1940 3427 ὲ
1975 3343 2328 3458 Josepho
2366 3347 2783 3450 Campano
2802 3403 2829 3443 ,
2884 3342 3181 3450 easque

511 3486 1158 3612 praestantissimas
1212 3481 1489 3556 Romae
1527 3461 1676 3547 effe
1717 3457 2136 3572 perfe&aS,
2195 3464 2277 3538 δε
2316 3455 2419 3533 ad
2454 3479 2825 3562 magnum
2878 3451 3175 3535 Galliae
3228 3487 3233 3496 ·

505 3615 822 3720 Regem
879 3591 1152 3678 missas.
1191 3581 1378 3665 'Etsi
1433 3579 1642 3674 enim
1701 3573 1803 3654 ad
1845 3567 2279 3652 coelestium
2321 3563 2933 3676 observationem
2984 3590 3177 3641 non-

503 3724 700 3806 dum
735 3713 952 3794 fuere
989 3702 1372 3784 admotae,
1437 3713 1598 3788 non
1634 3681 2158 3767 dubitandum
2215 3698 2469 3761 tamen
2491 3673 2831 3753 interdiu
2878 3667 3178 3749 institu-

509 3811 676 3915 tum
737 3817 962 3906 fuiss‘e
1016 3833 1291 3894 earum.
1333 3825 1704 3888 examen,
1760 3798 1842 3873 in
1903 3790 2116 3870 atriis
2177 3779 2705 3894 porticibusve
2746 3777 3173 3889 praelongis

513 3943 724 4034 unde
764 3937 902 4016 lux
939 3905 1480 4018 exclusa-effer.
1543 3905 1794 3990 Nunc
1827 3925 2062 3998 vem,
2121 3893 2277 3976 hoc
2300 3891 2565 3973 nostro
2586 3889 2963 3983 invento,
3014 3892 3172 3970 uti..

511 4053 688 4134 litas
731 4047 858 4127 sua
893 4062 1061 4124 tum
1101 4030 1222 4114 his
1259 4021 1605 4110 lentibus.
1615 4070 1642 4111 ,
1697 4033 1869 4096 tum
1910 4008 1966 4092 fi
2007 4033 2186 4116 quae
2235 4005 2379 4086 has
2420 4001 3175 4116 longitudine-exce-

509 4164 782 4251 dentes
839 4149 1270 4263 prodeant,
1327 4127 1726 4214 constabit.
2823 4105 2887 4157 '-

629 4267 882 4379 Quod
924 4260 978 4341 fi
1021 4253 1458 4362 cogitemus
1493 4237 1782 4348 quibus
1823 4231 2076 4314 modis
2097 4227 2701 4335 telescopiorum
2738 4219 3171 4304 efficaciam

513 4383 646 4468 alii
685 4400 966 4487 augere
1001 4360 1478 4447 studuerinm¹
1533 4351 1718 4456 quae
1755 4342 2032 4426 frustra
2075 4341 2190 4418 illi
2241 4337 2815 4445 quaesiverunt,
2870 4359 2962 4412 ea
3020 4359 3169 4414 nos

511 4495 678 4588 kevi
715 4494 862 4580 hac
916 4503 1158 4596 opera
1191 4466 1654 4560 consecutos
1685 4456 1836 4539 effe
1871 4453 2124 4540 videri
2151 4447 2423 4645 lpqffit.
2492 4446 2673 4533 Sive
2710 4443 2919 4528 enim
2954 4441 3173 4554 figu-

574 4633 580 4638 ·
2147 4662 2154 4672 ,
2282 4623 2287 4646 2
2334 4585 2379 4674 3
2850 4585 2857 4601 ¹
3055 4577 3180 4654 ‘ns
