4517 5784
1044 433 2707 531 DESCRIPTIONES.
3053 478 3207 564 ²73

449 647 464 656 -
530 582 806 670 futura·
831 646 859 690 ,
929 581 1024 666 'ac
1073 585 1504 694 'propterea
1562 599 1868 664 tantum
1920 578 2165 688 triplo
2219 583 2507 688 majora
2562 576 2723 663 fere
2760 583 3019 688 omnia
3058 589 3213 672 fint

400 706 411 719 '
529 699 984 810 apparitura
1018 751 1046 795 ,
1124 691 1566 806 praegrandi
1627 692 1782 773 hoc
1838 689 2279 800 telescopio
2316 749 2343 789 ,
2440 719 2679 801 quam
2717 693 2864 778 illo
2900 700 3206 806 pedum

529 812 936 892 tricenum.
1049 809 1164 890 At
1202 806 1261 887 fi
1297 801 1649 914 decuplo
1685 801 1999 888 exceffu
2037 801 2250 883 idem
2290 804 2815 913 superandum
2852 805 2945 886 fit
2969 873 2995 912 ‚
3038 815 3201 920 jam

527 943 646 1004 ter
701 921 918 1002 mille
973 920 1268 1032 pedum
1327 915 1832 1028 longitudine
1865 939 2074 1024 opus
2117 917 2267 996 erit
2304 979 2332 1020 ,
2407 943 2575 1023 quo
2612 919 2937 1022 quidem
2978 924 3209 1009 nulla‘

459 1055 464 1062 ·
522 1031 868 1116 humana
922 1059 1078 1142 ope
1137 1031 1555 1141 perveniri*
1582 1025 1801 1137 poffe
1844 1077 1873 1123 ‚
1951 1023 2084 1110 vel
2143 1025 2382 1110 solius
2442 1027 2881 1112 altitudinis
2918 1035 3143 1118 causa
3166 1092 3197 1134 ,

519 1140 1009 1226 manifestum
1049 1139 1183 1224 est.

633 1257 838 1336 Sane
874 1260 1199 1363 majores
1235 1253 1496 1336 multo
1532 1248 1792 1337 forent
1811 1313 1840 1357 ,
1913 1257 1998 1334 &
2035 1249 2306 1362 majori
2347 1254 2865 1360 proportione
2902 1256 3189 1342 cresce-

517 1387 738 1462 rent,
795 1393 906 1448 eae
927 1421 954 1461 ,
1009 1391 1205 1474 quas
1245 1364 1595 1446 diximus
1635 1420 1663 1461 ,
1739 1384 2118 1475 aperturae
2158 1419 2185 1461 ‚
2269 1360 2325 1442 fi
2366 1360 2565 1443 nihil
2604 1363 2820 1446 aliud
2856 1365 3189 1454 obstaret

514 1503 752 1584 quam
783 1471 1055 1588 figur'ae
1097 1474 1490 1586 sphaericae
1529 1501 1808 1585 parum
1845 1475 2179 1578 idonea,
2270 1475 2353 1556 in
2393 1473 2863 1584 colligendis
2899 1479 3137 1562 radiis
3158 1546 3189 1586 ‚

512 1609 948 1671 curvatura.
1027 1589 1113 1669 N
1127 1613 1280 1668 unc
1319 1613 1508 1670 vero
1544 1585 1692 1667 alia
1733 1586 2091 1695 quaedam
2112 1648 2138 1689 ,
2194 1611 2298 1667 ex
2341 1584 2505 1695 ipsa
2536 1585 3015 1670 refrastionis
3050 1620 3189 1672 na..

510 1721 684 1780 tura
721 1761 745 1801 ,
821 1701 1071 1780 oritur
1103 1697 1504 1779 radiorum
1541 1697 1920 1778 aberratio
1959 1761 1985 1800 ,
2080 1724 2321 1806 quam
2368 1717 2547 1779 ante
2582 1723 2825 1780 annos
2864 1697 3181 1807 aliquot

507 1809 944 1896 Neutonus
1019 1808 1357 1918 egregiis
1435 1807 1912 1916 quibusdam
1969 1809 2529 1919 experimentis
2584 1814 2665 1888 δε
2721 1807 3180 1916 prismatum

485 1905 942 2002 ‘vitreorum
977 1921 1369 2006 coloribus
1401 1917 1974 2028 comprobavit.
2099 1919 2309 1999 Haec
2360 1918 2553 2002 v'ero
2605 1925 2687 1998 &
2742 1920 2903 2024 ipsa
2962 1919 3177 2030 leges
3298 1975 3313 1984 -

510 2029 684 2110 suas
723 2029 954 2114 habet
993 2093 1020 2134 ,
1097 2028 1384 2138 quibus
1421 2091 1448 2132 ‚
1526 2028 1582 2111 fi
1619 2028 1828 2110 reete
1863 2056 1988 2112 eas
2027 2027 2416 2136 perspicio
2450 2091 2477 2132 ,
2555 2025 2935 2137 subdupla
2989 2033 3176 2132 illa,

364 2175 372 2184 ·
505 2157 744 2250 quam
781 2141 1008 2246 dixi,
1061 2161 1591 2249 aperturarum
1632 2140 1734 2222 ad
1769 2139 2305 2252 longitudines
2344 2141 2547 2222 ratio
2587 2138 3019 2250 colligitur.

692 2669 1064 2772 Idebatur:
1108 2672 1289 2782 jam
1321 2667 1660 2780 perfecie
1703 2669 2192 2785 absolutaque
2231 2671 2567 2758 omnibns
2602 2678 2936 2758 numeris
2965 2698 3177 2758 nova

691 2781 1036 2895 Astrosco
1082 2785 1162 2864 ia
1197 2781 1448 2890 nostra
1473 2812 1506 2874 ;
1565 2789 1900 2896 typisque
1939 2783 2253 2895 excusa,
2310 2785 2639 2868 nondum
2680 2807 2933 2870 tamen
2967 2787 3179 2872 edita

497 2915 724 2989 erat;
783 2924 951 2980 cum
1022 2893 1324 2984 ecundis
1360 2897 1974 3004 cogitationibus,
2031 2915 2122 2980 ut
2138 2895 2305 3004 fit,
2385 2897 2539 2980 alia
2576 2898 2927 3010 quaedam
2964 2898 3177 2986 nobis

493 3013 576 3092 in
597 3027 914 3093 mentem
929 3031 1252 3103 venere,
1311 3009 1582 3118 quibus
1623 3021 1708 3088 'ea
1752 3006 2012 3091 melior
2042 3008 2494 3092 commodior
2550 3035 2637 3090 ue
2654 3007 2911 3114 fieret.
2966 3013 3173 3114 Qae

463 3130 662 3202 'cum
701 3120 1040 3205 unciaria·
1073 3125 1242 3201 vice
1279 3119 1402 3209 hia
1437 3119 1802 3229 adponere
1835 3120 2092 3233 vesum
2111 3119 2265 3224 fit,
2295 3037 2543 3224 fimet?
2568 3123 2703 3202 hoc
2741 3145 3121 3204 monemus
3140 3177 3169 3220 ,

491 3248 630 3329 ut,
663 3227 873 3340 ficut
907 3230 1263 3340 posterius
1299 3249 1598 3341 reperta
1616 3229 1850 3338 fuere
1887 3287 1916 3328 ‚
1988 3236 2109 3313 ita
2169 3227 2435 3314 ultimo
2490 3229 2641 3332 loco
2678 3287 2707 3330 ,
2775 3229 3170 3344 postquam

490 3339 788 3454 reliqua
821 3341 1212 3454 deseriptio
1246 3366 1335 3424 ac
1371 3339 1770 3427 delineatio
1806 3363 2148 3454 percepta
2175 3339 2479 3450 fuerit,
2535 3341 2915 3450 legantur.

507 3513 522 3524 -
595 3455 818 3538 Cum
857 3457 1202 3566 primum
1241 3453 1710 3564 spestatores
1745 3455 2076 3540 invento
2109 3451 2375 3537 nostro
2412 3511 2443 3552 ‚
2514 3484 2605 3538 ac
2654 3453 2997 3540 Planetis
3033 3483 3167 3537 na-

485 3563 593 3650 &i
614 3563 868 3648 sumus
894 3629 920 3669 ‚
976 3563 1466 3676 telescopicis
1487 3557 2156 3650 observationibus
2179 3568 2431 3650 minus
2452 3565 2781 3648 affuetos
2804 3623 2833 3664 ‚
2884 3569 3167 3650 docuit

481 3679 964 3786 experientia
1001 3737 1030 3778 ‚
1097 3704 1232 3758 eos
1274 3677 1600 3784 quidem
1641 3705 1780 3787 per
1817 3677 1894 3758 se
1933 3675 2339 3760 difficilius
2379 3676 2617 3758 stellae
2656 3675 3163 3785 conspectum

483 3785 856 3896 consequi
893 3827 920 3884 3
999 3785 1195 3869 sicut
1249 3785 1576 3868 antehac
1635 3815 1962 3895 quoque
1997 3843 2024 3883 ,
2103 3789 2236 3869 ubi
2292 3787 2377 3866 in
2436 3785 2885 3896 grandiores
2927 3785 3161 3866 tubos

478 3898 961 3993 inciderant,
1021 3896 1450 3980 eveniebat.
1511 3897 1768 4002 Qiod
1806 3916 2068 3978 autem
2107 3894 2240 3976 hic
2280 3891 2451 3976 fieri
2488 3894 2837 3990 solitum,
2883 3916 3003 3994 ut,
3043 3923 3161 3976 re·

479 4030 711 4125 perto
751 4009 966 4119 prius
1009 4005 1254 4090 fidere
1293 4062 1324 4104 ‚
1399 4035 1492 4090 ac
1527 4029 1886 4093 manente
1926 4005 2166 4110 tubo,
2242 4006 2799 4090 tantummodo
2830 4006 3160 4090 oculum

475 4127 554 4208 ei
595 4113 981 4228 spectator
1007 4117 1252 4228 juffus
1289 4117 1754 4202 admoveret
1793 4173 1822 4213 ,
1907 4117 1996 4200 id
2051 4145 2216 4202 non
2272 4118 2603 4228 perinde
2654 4117 2877 4198 nobis
2942 4144 3155 4200 nunc

475 4233 771 4318 imitari
807 4229 1088 4314 licebat
1133 4270 1150 4320 ς
1249 4258 1430 4315 curn
1473 4230 1636 4314 lens
1673 4229 1914 4312 oculo
1951 4230 2323 4339 proxima
2363 4285 2389 4326 ,
2462 4229 2599 4310 ubi
2628 4228 3149 4338 defigeretur,

475 4373 640 4430 non
673 4341 1008 4426 haberet.
1069 4341 1352 4447 Itaque
1391 4341 1524 4424 hic
1563 4368 1890 4449 quoque
1927 4342 2124 4422 ratio
2163 4339 2317 4421 fuit
2354 4339 2930 4449 excogitanda,
2990 4368 3151 4448 qua

449 4455 820 4572 >politum
839 4449 1084 4572 'suum
1115 4448 1476 4572 {ervaret
1496 4449 1830 4538 ocularis
1863 4449 2056 4536 lens,
2113 4449 2369 4565 Qod
2404 4450 2739 4563 quidem
2783 4448 3153 4561 praestiti..

1977 4599 1984 4606 ·
2972 4583 3149 4643 mus
