4517 5784
921 455 2561 550 DESCRIPTIONES.
2938 475 3107 586 2655

406 595 892 690 deflexionis
935 617 1138 686 oa‘e
1176 603 1307 688 vel
1348 621 1406 684 a
1435 625 1476 682 c
1511 597 1914 706 stantum
1954 593 2287 682 duarum
2346 602 2809 711 quintarum
2854 611 3099 692 unius

401 721 738 828 gradu33
797 716 998 818 adeo
1058 739 1148 798 ut
1218 713 1574 798 remedio
1613 779 1640 819 ,
1699 712 1924 824 quod
1997 732 2259 794 tamen
2312 715 2715 812 dabimus,
2776 745 2935 802 non
2998 721 3095 804 fit

390 853 628 940 opus.
771 831 1122 942 Sumpta¹
1159 848 1420 911 autem
1445 850 1509 936 g
1549 824 1602 906 h
1639 823 2008 908 distantia
2061 825 2346 934 prioris
2405 827 2654 938 dupla
2690 892 2714 932 ‚
2773 828 2895 913 seu
2940 861 3083 942 pe·

399 941 602 1024 dum
648 963 1226 1044 trecentorum,
1281 961 1372 1021 ut
1413 937 1638 1020 filum
1679 940 2094 1020 incurvum
2135 935 2226 1018 fit
2247 963 2319 1044 g·
2352 937 2397 1017 b
2436 938 2489 1019 h
2515 993 2538 1033 ,
2594 944 2741 1022 erit
2793 945 3088 1029 cavita-

405 1055 504 1136 tis
543 1053 898 1134 mensura
936 1051 980 1132 k
1018 1052 1102 1143 b,
1171 1051 1448 1163 prioris
1491 1049 1545 1130 d
1589 1049 1634 1129 b
1672 1048 2120 1160 quadrupla
2155 1050 2477 1158 quidem
2501 1107 2527 1147 ‚
2586 1051 2717 1134 kd
2754 1059 3086 1166 angulus

403 1164 875 1247 deflexionis
914 1163 1466 1246 tantummodo
1507 1163 1808 1275 duplus
1853 1216 1878 1256 ‚
1955 1162 2113 1242 hoc
2150 1158 2263 1242 est
2301 1215 2324 1251 ‚
2379 1177 2414 1270 ζ
2470 1165 2701 1246 unius
2746 1169 3028 1275 gradus
3051 1217 3078 1273 3

407 1296 502 1358 ut
537 1273 766 1360 facile
808 1276 1325 1389 perspicitur,
1383 1274 1620 1357 ducta
1659 1293 2032 1384 tangente
2054 1297 2118 1382 g
2159 1270 2265 1370 l„
2308 1301 2488 1384 quae
2528 1303 2710 1357 cum
2750 1305 3096 1391 perpen-

399 1387 735 1472 diculari
771 1389 826 1469 h
867 1385 1371 1470 l'conveniat.
1489 1384 1673 1496 Ipsa
1709 1387 1916 1468 enim
1957 1383 2010 1463 h
2052 1381 2088 1465 b
2133 1386 2585 1498 quadrupla
2622 1388 2767 1471 erit
2803 1392 2905 1474 ad
2948 1391 2993 1471 k
3034 1391 3083 1474 b

405 1497 568 1583 five
605 1525 642 1580 c
681 1499 770 1590 ἐς
824 1499 1190 1581 distantia
1225 1525 1418 1581 vero
1441 1521 1505 1606 g
1539 1497 1592 1578 h
1631 1498 1734 1580 ad
1777 1525 1824 1577 a
1866 1523 1903 1579 c
1937 1517 2102 1578 erat
2141 1499 2414 1610 dupla.
2528 1499 3087 1619 Qiareangu-

389 1610 528 1692 'lus
563 1609 1039 1696 deflexionis
1073 1610 1126 1692 h
1154 1634 1218 1720 g
1254 1607 1283 1690 l
1299 1665 1327 1709 ,
1381 1631 1608 1692 antea
1645 1609 1952 1694 inventi
1989 1631 2029 1689 c
2067 1633 2114 1690 a
2153 1631 2238 1715 e,
2294 1611 2593 1721 duplus
2630 1610 2915 1694 censeri
2937 1643 3087 1726 po-

407 1720 573 1804 test.
2434 1819 2441 1824 .

524 1833 732 1916 Haec
767 1835 960 1917 vero
989 1887 1015 1930 ,
1073 1827 1620 1942 scrupulorum
1659 1835 1762 1938 48
1787 1896 1814 1935 ‚
1869 1831 2250 1914 aberratio
2291 1833 2579 1916 nullius
2620 1835 2881 1917 adhuc
2922 1865 3090 1918 mo-

401 1945 648 2031 menti
683 1943 795 2026 est
830 2009 857 2048 ,
951 1972 1208 2052 neque
1247 1942 1602 2053 neglecta
1639 1945 1978 2026 nocebit.
2105 1946 2475 2027 Attamen
2513 2009 2539 2049 ‚
2619 1975 2783 2058 quo
2836 1949 3091 2032 minus

407 2054 776 2140 causandi
817 2056 1040 2138 locus
1083 2057 1216 2138 hic
1255 2053 1624 2166 superfit,
1700 2051 2100 2138 ostendam
2135 2060 2294 2166 jam
2334 2084 2697 2165 quaenam
2740 2059 3093 2144 adhiberi

406 2166 651 2277 possit
689 2166 1076 2250 correctio
1116 2223 1145 2264 ,
1221 2187 1465 2276 atque
1519 2167 1907 2275 ejusmodi
1961 2166 2293 2274 quidem
2354 2192 2445 2250 ut
2484 2223 2513 2266 ,
2586 2197 2743 2252 una
2792 2173 3088 2281 opera,

388 2305 723 2362 ‘omnem
763 2277 994 2360 aliam
1031 2277 1263 2360 lentis
1305 2275 1910 2360 declinationem
1947 2275 2321 2361 restituat.

527 2389 786 2503 I'gitur
826 2389 1058 2473 semel
1095 2389 1191 2470 ab
1226 2389 1460 2469 initio
1507 2449 1530 2490 ,
1583 2421 1588 2428 ·
1623 2389 1727 2470 ad
1767 2387 2246 2500 superiorem
2278 2388 2506 2471 lentis
2550 2417 2849 2502 magnae
2893 2421 3089 2502 prae-

393 2504 888 2616 'parationem
914 2565 940 2605 ‚
995 2501 1154 2581 hoc
1192 2499 1416 2606 quod
1455 2498 1808 2578 dicemus
1833 2550 1859 2591 ,
1915 2499 2411 2606 adjungatur.
2514 2502 2839 2610 Nempe
2875 2505 3091 2588 lente

403 2607 1078 2724 quemadmodum
1125 2607 1644 2718 praecepimus
1683 2605 2007 2710 librata,
2063 2629 2305 2715 atque
2340 2611 2443 2692 ad
2483 2611 2697 2692 oculi
2730 2610 3090 2696 altitudi-
3132 2612 3142 2620 ’

409 2753 588 2806 nem
621 2722 887 2805 defixa
924 2786 951 2826 ,
1025 2721 1253 2820 filum
1311 2718 1582 2803 caudae
1637 2718 2030 2800 adnexum
2087 2744 2323 2802 manu
2378 2721 2617 2803 altera
2680 2723 3089 2832 capiatur,
3224 2795 3231 2806 .

387 2863 656 2946 eaque
727 2833 968 2918 oculo
1031 2831 1552 2914 admoveatur
1587 2872 1614 2927 3
1687 2826 1960 2911 altera
2028 2831 2425 2916 lucernam
2492 2835 2722 2940 juxta
2797 2854 3083 2918 teneat.

413 2946 634 3029 Tum
681 2945 1059 3057 paulatim
1100 2941 1591 3038 recedendO,
1647 2960 2218 3049 extentumque
2259 2941 2485 3024 filum
2519 2944 3088 3053 producendo,

393 3057 857 3142 ‘observetur
911 3085 1008 3138 an
1066 3053 1374 3166 duplex
1429 3049 1772 3134 flammae
1830 3052 2098 3164 imago
2149 3051 2359 3133 circa
2412 3053 2746 3134 mediam
2800 3053 3091 3140 lentem

387 3185 774 3280 'appareat
797 3232 823 3272 ,
879 3173 976 3250 ab
1009 3187 1362 3272 utraque·
1388 3161 1752 3240 nimirum
1791 3160 2200 3271 superficie
2235 3163 2400 3270 ejus
2440 3159 2763 3246 reflexa.
2888 3167 2990 3248 Id
3029 3166 3090 3251 fi

407 3281 820 3390 contingat
875 3275 1009 3356 ubi
1059 3278 1218 3384 jam
1277 3289 1451 3352 tota
1490 3267 1611 3350 fili
1645 3269 2070 3382 longitudo
2106 3273 2387 3354 exierit
2428 3330 2457 3371 ,
2530 3297 2825 3384 quanta
2862 3278 3095 3361 nimi-

407 3415 590 3472 rum
629 3385 900 3470 futuro
936 3379 1382 3495 telescopio‘
1405 3379 1734 3465 debetur
1771 3435 1798 3478 ‚
1871 3382 2172 3466 indicio
2203 3379 2315 3464 est
2353 3384 2757 3469 refflssime
2800 3387 3091 3472 lentem

397 3502 522 3584 *ad
561 3498 883 3581 oculum
930 3497 1306 3580 converti.
1387 3493 1640 3600 Quod
1682 3491 1739 3582 fi
1776 3491 2016 3577 altera
2050 3513 2353 3577 tantum
2390 3494 2722 3580 flammae
2757 3489 3093 3583 reflexio

399 3608 996 3720 conspiciatur,
1053 3609 1254 3688 male
1281 3605 1672 3689 collocata
1693 3604 1889 3703 erit,
1942 3602 2055 3687 sm
2077 3623 2397 3712 neutra,
2554 3612 2698 3719 jus,
2759 3610 2929 3691 Hic
2952 3639 3091 3692 ve-

405 3749 510 3804 ·ro
537 3723 699 3830 jam
735 3717 1165 3800 remedium
1207 3713 1748 3815 adhibebitur,
1823 3717 1958 3799 ubi
1996 3715 2405 3826 cognitum
2481 3721 2679 3798 uerit
2718 3719 2801 3796 in
2846 3745 3093 3828 quam

415 3855 730 3944 partem
765 3829 934 3912 lens
963 3827 1325 3910 declinet.
1387 3827 1656 3930 Stylus
1693 3829 1900 3906 enim
1939 3849 2192 3907 aeneus
2232 3839 2598 3908 extremae
2636 3827 2908 3910 caudae
2952 3825 3095 3910 ad-

416 3941 669 4058 jectus
708 3999 735 4040 ,
813 3940 1207 4049 filumque
1261 3937 1634 4018 innexum
1693 3935 1978 4017 habens
2017 3993 2037 4027 ,
2123 3936 2205 4016 in
2245 3959 2545 4046 partem
2580 3938 2905 4020 eandem
2948 3965 3089 4049 pa·

411 4079 740 4164 rumpet
775 4049 1206 4136 flectendus
1245 4047 1399 4148 est3
1457 4075 1546 4128 ac
1583 4045 1876 4140 rursus,
1937 4065 2030 4127 ut
2066 4068 2244 4128 ante
2282 4104 2309 4145 ,
2386 4049 2715 4132 lucernae
2758 4045 3089 4134 reflexio

418 4162 800 4254 tentanda
836 4211 858 4261 ς
937 4164 1182 4272 idque
1219 4163 1328 4244 ita
1365 4158 1730 4270 repetitis¹
1757 4158 2058 4244 vicibus
2100 4155 2550 4243 faciendum
2590 4223 2611 4254 ,
2694 4161 2961 4271 quoad
2999 4189 3093 4245 u-

417 4285 710 4390 ‘traque
783 4267 1204 4356 flammula:
1280 4277 1542 4386 imago
1599 4273 1682 4352 in
1751 4299 1994 4353 unum
2052 4273 2475 4356 convenire
2524 4271 3078 4382 conspiciatur.

427 4386 828 4473 Tenfione
868 4410 1122 4468 autem
1163 4379 1280 4464 fili
1321 4381 1706 4467 utendum
1745 4383 2125 4464 mediocri
2165 4439 2192 4480 ,
2272 4385 2582 4493 qualem
2625 4384 2853 4496 supra
2886 4383 3111 4468 defi-³

369 4538 376 4557 ¹
415 4503 764 4592 *nivimus
803 4559 832 4605 ,
883 4495 1234 4582 'duarum
1279 4515 1412 4578 aut
1451 4491 1692 4576 trium
1731 4493 2303 4683 libraruvalim
2344 4493 2716 4584 referente
2757 4553 2785 4599 ,
2857 4498 3117 4608 eique*

2259 4631 2303 4684 2
2896 4636 3095 4720 qua-2
