4517 5784
998 461 1766 566 HoRoLoG.
1882 473 2881 565 osciLLAToR:
3154 395 3285 597 ᾗ

571 603 1019 728 spatiumB
1043 616 1152 699 ·D
1193 603 1791 729 pet-curreretur.
1847 683 1858 690 .
1919 609 2249 698 Feretur
2306 643 2499 702 vero
2556 637 2787 700 motu·
2820 618 3267 729 composito
3288 629 3519 738 32⁸2?
3646 697 3650 702 .

573 753 680 810 ex
713 727 1086 840 aequabili
1124 755 1298 838 quo
1338 727 1894 841 percursurum.
1926 727 2109 811 ess‘et
2155 727 2485 840 spatium
2528 728 2596 811 B
2642 729 2724 812 D
2747 792 2787 831 ‚‚
2830 735 2913 810 ὃς
2950 759 3053 814 ex
3090 761 3255 816 mo·
3288 765 3577 836 omma?

575 859 668 920 tu
713 840 1078 952 gravium
1117 840 1614 943 cadentium,
1674 866 1843 949 quo
1881 841 2220 952 deprimi
2262 837 2553 922 necesse
2592 837 2703 940 est
2746 869 2886 952 per
2920 840 3254 952 spatium

573 950 603 1032 i
668 951 726 1030 fi
769 955 843 1034 A
884 951 952 1034 B
992 949 1316 1062 aequale.
1377 955 1650 1060 Quare
1691 952 1794 1033 ad
1838 952 1910 1034 B
1951 955 2032 1034 D
2073 951 2352 1034 addita
2388 952 2469 1034 D
2508 952 2630 1048 E,-
2682 954 2975 1062 aequali
3018 958 3105 1038 A
3130 956 3252 1060 R,

571 977 852 1149 [Simus
894 1085 1250 1174 tempore
1286 1061 1634 1147 secundo
1675 1089 1915 1176 grave
1954 1084 2523 1174 perventurum
2560 1063 2665 1145 ad
2700 1061 2792 1146 E.
3158 1105 3169 1116 ·

689 1175 947 1282 Quod
999 1173 1060 1256 fi
1093 1201 1287 1259 vero
1329 1173 1816 1288 inquiramus
1850 1201 2104 1284 quam
2139 1171 2647 1260 velocitatem
2684 1173 2959 1260 habea-t
2998 1173 3082 1257 in
3135 1177 3202 1258 E
3227 1241 3257 1282 ‚

567 1287 658 1368 in
699 1284 857 1372 fine
888 1283 1207 1368 secundi
1247 1287 1683 1398 temporis,
1737 1313 1904 1370 eam
1947 1287 2429 1370 inveniemus
2466 1287 2797 1398 duplam
2834 1285 2982 1369 effe
3020 1285 3257 1370 debe·

567 1425 664 1485 te
701 1394 1144 1482 velocitatis
1189 1423 1429 1508 quam
1469 1393 1800 1482 habebat
1838 1399 1931 1480 in.
1962 1400 2031 1482 B
2074 1396 2230 1502 fine
2271 1403 2643 1509 temporis
2685 1396 2937 1509 primi.
3021 1399 3257 1483 Dixi·

565 1535 736 1591 mus
775 1509 986 1590 enim
1027 1510 1325 1592 moveri
1367 1506 1816 1619 compofito
1861 1530 2098 1592 motu-
2128 1535 2237 1592 ex
2270 1511 2638 1618 aequabili
2679 1538 2859 1592 cum
2898 1509 3251 1595 celerita-
3321 1611 3333 1616 ,

561 1639 646 1701 te
681 1617 1062 1731 acquifita·
1097 1622 1184 1702 in·
1221 1619 1288 1702 Β
1339 1683 1365 1724 ,
1441 1628 1524 1704 &
1551 1638 1683 1704 'ex
1747 1641 1986 1704 motu
2033 1621 2079 1701 a
2139 1623 2523 1730 gravitate
2567 1620 2978 1733 producto·
2998 1685 3025 1723 ,
3100 1625 3249 1732 qui

563 1723 748 1814 cum
787 1752 1146 1844 tempore
1190 1728 1536 1814 secundo
1573 1731 1794 1815 idem.
1827 1730 2056 1842 plane
2093 1730 2186 1816 stt
2221 1760 2317 1814 ae
2354 1734 2616 1844 primo
2638 1798 2663 1836 ‚
2743 1733 2928 1814 ideo
2966 1735 3244 1820 decur-

561 1840 652 1924 su
709 1843 1097 1953 temporis
1157 1841 1479 1926 secundi
1537 1843 1928 1954 :equalem
2002 1843 2483 1926 celeritatem
2606 1845 2774 1931 ravi
2833 1843 3245 1927 contulisse

552 1953 790 2038 'debet
828 1977 1072 2064 atque
1116 1953 1198 2034 in
1236 1951 1393 2037 fine
1436 1957 1692 2065 primi.
1755 1957 2251 2062 Quarecum
2286 1955 2521 2064 acqui
2553 1963 2745 2037 itam·
2784 1957 2863 2036 in
2905 1953 3063 2036 fine
3084 1958 3241 2066 pri-

549 2067 666 2146 mi
705 2067 1081 2174 temporis
1115 2063 1598 2150 celeritatem·
1626 2065 2200 2155 conservaverit
2231 2068 2627 2180 integram.
2656 2132 2681 2170 ,
2776 2091 3100 2178 apparet
3156 2067 3255 2149 in²

553 2174 720 2259 fine
779 2176 1099 2262 secundi
1131 2176 1505 2286 temporis
1541 2179 1673 2261 bis.
1693 2205 1880 2262 eam.
1900 2177 2375 2262 celeritatem
2412 2175 2647 2284 ineffe
2685 2205 2943 2294 quam
2962 2181 3252 2290 acqui--
3324 2215 3329 2228 ·

537 2286 842 2378 -fiverat
877 2288 966 2368 in
999 2286 1158 2370 fine
1197 2287 1576 2399 temporis
1623 2289 1856 2401 primi
1879 2297 1939 2392 ᾗ
1962 2288 2121 2372 five
2158 2289 2509 2400 duplam.
2978 2289 2983 2296 ’

669 2399 936 2508 Qiod.
960 2397 1030 2480 fi.
1048 2401 1266 2508 jam,
1317 2397 1752 2511 postquam
1782 2401 2142 2510 pervenit
2177 2401 2277 2482 in.
2304 2401 2369 2481 E
2394 2463 2419 2504 ‚
2475 2427 2621 2511 per
2724 2421 2839 2484 ret
2857 2399 3253 2514 deinceps.
3300 2425 3315 2440 ·

540 2530 868 2593 ,tantum
903 2510 1205 2594 moveri
1244 2509 1656 2598 celeritate.
1677 2511 2046 2621 aequabili
2069 2569 2110 2608 ‚.
2153 2534 2525 2622 quantam
2565 2513 2621 2593 il
2662 2513 2734 2593 ic
2774 2511 3249 2630 acquifivit.‚·

550 2645 900 2736 apparet.
924 2625 1283 2732 tempore
1323 2624 1603 2726 tertio,
1659 2623 2049 2735 prioribus
2089 2622 2425 2730 aequali,
2479 2620 3027 2733 percursatum
3068 2621 3239 2734 spa·-

551 2739 752 2818 tiu'm
795 2735 865 2817 E
909 2731 978 2816 F-
1002 2789 1026 2830 ,
1084 2733 1324 2841 quod„-
1349 2733 1696 2846 duplum
1730 2732 2082 2818 fut-utum
2120 2732 2217 2815 fit
2254 2732 2487 2845 ‚spatii
2532 2735 2609 2820 B.
2652 2735 2775 2835 D3
2856 2736 3051 2844 quia
3082 2735 3239 2818 hoc

551 2845 902 2962 percurri
941 2844 1304 2928 diximus,
1327 2843 1676 2928 dimidia.
1701 2844 1934 2955 hujus
1971 2845 2385 2928 celeritatis
2426 2901 2452 2940 ,
2530 2867 2757 2928 motu
2806 2849 3246 2955 aequabili,¹

545 2965 634 3040 &
677 2955 1050 3067 temporis
1088 2975 1324 3066 parte.
1349 2955 1666 3065 aequali.·
1736 2957 2192 3040 Accedente
2223 2979 2501 3038 autem„
2524 2955 2783 3039 rursus
2822 2959 3225 3068 gravitatis

535 3068 860 3154 afflone
896 3131 942 3174 ,.
999 3087 1399 3178 percurret
1437 3087 1798 3178 tempore
1836 3069 2141 3168 tertio,
2299 3086 2521 3148 raeter
2576 3065 2917 3176 spatium
2986 3065 3053 3147 E
3096 3067 3165 3148 F
3190 3127 3219 3166 ,

541 3181 800 3264 etiam.
821 3178 1156 3290 spatium
1193 3176 1260 3260 F
1303 3172 1394 3261 G
1421 3239 1450 3282 ‚
1527 3174 1674 3286 ipsi
1712 3177 1789 3261 A
1831 3177 1906 3258 Β
1940 3176 2073 3280 vel
2116 3179 2204 3259 D.
2348 3205 2410 3259 ιε
2477 3173 2669 3260 uale.
2792 3177 3079 3288 Itaque
3132 3181 3217 3260 in

543 3293 706 3377 fine
741 3290 958 3398 tertii
993 3290 1368 3396 temporis
1408 3315 1645 3400 grave
1679 3289 2121 3372 invenietur
2154 3289 2236 3371 in
2276 3289 2377 3370 G.
2535 3287 2980 3372 echitatem
3024 3319 3217 3378 vero
3262 3320 3297 3367 x

538 3404 683 3490 hic
720 3400 1034 3485 habebit
1068 3399 1387 3509 triplam
1416 3404 1582 3508 jam
1616 3401 1778 3509 ejus
1819 3426 2056 3509 quam
2097 3397 2428 3484 habebat
2461 3399 2544 3481 in
2566 3397 2631 3482 B
2657 3457 2699 3495 ‚.
2738 3399 2821 3482 in
2862 3399 3020 3483 fine
3058 3406 3218 3514 pri.-

519 3518 654 3600 ·mi
690 3513 1107 3626 temporis:
1169 3510 1358 3619 quia
1398 3528 1684 3621 praeter
1718 3509 2196 3593 celeritatem
2234 3509 2706 3620 acquisitam
2733 3512 2814 3592 in
2837 3510 2935 3616 E,
2972 3540 3214 3622 quam

529 3628 892 3712 diximus
923 3620 1246 3730 duplam
1280 3618 1430 3704 effe
1468 3619 1863 3730 acquifitae
1903 3622 2153 3720 infit,
2208 3624 2333 3730 vis
2370 3623 2775 3732 gravitatis
2798 3685 2841 3725 ,.
2900 3645 3211 3735 tempo-

533 3741 638 3823 ris
673 3735 887 3819 tertii
929 3730 1257 3814 decursu
1298 3795 1324 3835 ‚
1401 3731 1786 3842 aequalem
1844 3727 2098 3814 rursus
2137 3758 2375 3842 atque
2413 3722 2493 3813 in
2534 3730 2693 3816 fine
2732 3732 2968 3841 primi
3006 3735 3209 3820 cele:-

528 3853 844 3935 nitatem
881 3843 1246 3928 contulit.
1304 3842 1840 3951 Quamobrem
1878 3864 2216 3951 utraque
2255 3840 2653 3944 celeritas,
2708 3844 2791 3924 in
2828 3840 2989 3928 fi'ne
3010 3866 3210 3928 tem-

531 3963 754 4078 poris
806 3954 1021 4040 tertii
1061 4011 1108 4052 ‚4
1165 3954 1485 4065 triplam
1541 3952 2034 4038 celeritatem.
2075 3949 2508 4036 constituet
2538 3955 2699 4062 ejus
2738 3981 2918 4064 quae
2956 3955 3235 4048 fuerat·

529 4079 616 4160 in
655 4071 823 4155 fine.
852 4065 1524 4175 temporis-primi.
1958 4081 1962 4085 ·
3168 4077 3181 4086 ’

647 4181 952 4265 Eodem
987 4177 1236 4260 modo
1273 4173 1728 4264 ostendetur
1763 4197 2122 4287 tempore
2160 4196 2454 4285 quarto
2490 4205 2677 4290 pera
2735 4179 2762 4258 i
2798 4175 3075 4264 debere
3114 4191 3199 4268 ὅτ
3296 4285 3299 4288 ,

528 4295 874 4410 spatium
912 4292 991 4373 G
1031 4289 1134 4371 H..
1160 4285 1490 4398 triplum
1529 4288 1760 4397 spatii
1800 4289 1870 4370 B
1907 4290 2039 4391 D,
2095 4293 2174 4368 δε
2213 4285 2547 4398 spatium
2594 4291 2683 4371 H
2837 4290 2983 4402 ipfi
3026 4296 3100 4376 A
3126 4295 3199 4375 Β

534 4404 876 4517 aquales:
937 4400 1601 4508 velocitatemque
1638 4400 1721 4480 in
1767 4398 1855 4485 K-
1875 4459 1903 4501 ,
1975 4400 2058 4486 in
2101 4395 2258 4478 fine
2296 4401 2558 4508 quarti
2595 4389 2973 4510 teiflporis
2995 4465 3021 4504 ,
3077 4401 3200 4484 fo*

523 4549 616 4610 ne
653 4511 1174 4634 quadruplam
1211 4512 1598 4622 ejusquae
1631 4507 1901 4598 fuerat-
1923 4509 2006 4596 in
2047 4507 2114 4593 B
2139 4570 2166 4616 ‚
2203 4509 2485 4704 ingane
2523 4513 2899 4628 temporis
2936 4512 3199 4708 priffss

2412 4648 2455 4736 3
2888 4725 2897 4730 .
3130 4645 3235 4706 ‘⁴‘

3420 1140 3481 1168 st-
