4517 5784
951 569 1198 623 vuem-
1292 549 1684 667 ‚pendulis
1715 550 1882 635 ‘suis
1929 553 2030 636 eo
2075 549 2389 634 cursum
2426 549 2671 660 dirigi
2711 548 3111 662 imperasse
3152 616 3177 657 ‚
3260 555 3526 640 acdie
3562 554 4033 668 insequenti-

952 642 1215 750 ἶὲἷσῖῗξ.
1309 665 1460 749 ,sub
1539 665 1940 747 meridiem
2017 690 2193 746 eam
2273 659 2521 774 ipsam
2585 665 2667 744 in
2726 663 3239 774 conspe&um
3296 665 3583 752 veniss‘e
3634 671 3961 754 insulam
3982 738 4015 778 ‚
4079 689 4090 696 “

1321 777 1760 888 paucisque
1819 775 2001 890 post
2063 777 2277 857 horis
2306 776 2651 858 -na-vibus
2693 771 3101 858 stationem
3142 778 3567 892 praebuiffe.
3693 783 3801 866 Et
3840 783 4027 867 haec-

1327 890 1668 1000 quidem
1703 916 1814 972 ex
1861 884 2223 987 Praefeffl
2266 887 2472 970 illius
2514 886 2786 970 relatu.
3086 883 3091 892 ’
3420 974 3427 982 ,
3570 954 3577 962 .
3894 946 3905 968 .

1425 1002 1557 1084 Ab
1593 1029 1692 1084 eo
1731 1029 1923 1085 vero
1957 1023 2321 1110 ternpore
2352 997 2773 1107 aliquoties
2813 1019 2983 1084 tum
3006 1004 3495 1104 Batavorum
3530 1025 3701 1088 tum
3735 1007 4015 1090 Gallo-

1317 1142 1492 1213 rum
1529 1141 1816 1226 opera,
1875 1113 2123 1224 idque
2163 1112 2417 1225 Regis
2460 1111 2923 1212 Serenissimi
2956 1114 3160 1222 jussu
3184 1171 3211 1213 ,
3268 1117 3609 1226 repetita
3649 1117 4035 1202 fuereex--

1317 1227 1810 1338 perimenta,
1865 1225 2090 1308 vario
2130 1245 2468 1328 eventu,
2526 1223 2664 1306 sed
2721 1224 2834 1308 ita
2886 1247 2977 1308 ut
3034 1226 3317 1338 saepius
3358 1229 4013 1342 negligentiaeo-

1314 1365 1494 1420 rum
1529 1339 1812 1448 quibus
1855 1335 2279 1448 horologia
2311 1333 2713 1441 commissa
2749 1359 2969 1438 erant
3010 1365 3255 1448 quam
3292 1340 3321 1420 i
3385 1339 4036 1444 sametautoma„

1321 1446 1410 1564 q
1442 1451 1752 1561 culpari
1776 1448 2128 1563 possent.-
2223 1449 2619 1557 Optimus
2644 1451 2849 1534 'vero
2889 1449 3262 1548 successus
3342 1453 3457 1534 uit
3494 1454 3579 1536 in
3616 1455 4037 1539 Mediter-·

1311 1591 1558 1647 raneo
1591 1565 1842 1668 mari,
1899 1562 2423 1674 expeditione
2459 1562 2540 1642 in
2585 1563 2915 1644 Cretam
2953 1561 3281 1660 insulam
3306 1627 3332 1666 ,
3374 1566 3563 1672 -quo
3601 1563 4041 1670 illustriffiffi

1317 1703 1492 1760 mus
1533 1673 1732 1760 Dux
1775 1673 2256 1776 Belfortiu8‚
2318 1672 2655 1757 Candiae
2695 1671 2741 1752 ὲ
2782 1675 3075 1770 Turcis
3131 1672 3436 1761 obsessae
3481 1677 3865 1762 auxilium
3903 1678 4015 1762 la-

1315 1809 1592 1894 turus,
1650 1817 1836 1872 cum
1874 1785 2589 1898 Gallorum-copiis
2624 1783 2887 1868 missus
2944 1805 3107 1868 erat
3148 1845 3169 1880 ,
3244 1787 3385 1870 ¹ubi
3434 1797 3519 1872 &
3579 1791 3661 1870 in
3728 1792 4039 1901 praeliO,

1309 1903 1723 1983 occubuit.
1784 1901 1862 1984 Is
1903 1900 1986 1980 in
2028 1929 2118 1984 ea
2155 1926 2317 2009 qua
2337 1897 2772 2000 vehebatur
2796 1898 3025 2002 navi,
3078 1897 3497 2010 horologia
3533 1899 3852 2010 hujusce
3870 1931 4007 1986 ex-

1324 2013 1740 2123 perimen-ti
1783 2011 2072 2128 -gratid
2148 2007 2477 2116 habebat
2502 2073 2528 2114 ,
2566 2009 3008 2122 -virumque
3084 2007 3600 2111 Astronomiae
3665 2016 4013 2121 peritum

1323 2123 1418 2206 iis
1443 2122 1941 2235 praefecerat,
2001 2125 2060 2228 ὲ,
2083 2125 2305 2231 cujus
2346 2121 3014 2222 observationibus
3036 2187 3065 2227 ‚
3102 2122 3185 2204 in
3220 2120 3329 2202 fin
3396 2124 3566 2224 =ilos
3606 2128 3774 2211 dies
3792 2126 4009 2210 habi-

1307 2239 1424 2334 ·tis
1449 2299 1473 2338 ‚
1532 2237 2068 2350 longitudines
2131 2235 2491 2316 locorum
2534 2231 2659 2314 -ad
2702 2259 2881 2342 quae
2916 2235 3005 2314 -in
3038 2264 3132 2316 ea
3172 2151 3661 2342 pror‘iieitione
3692 2259 3826 2319 aut
3864 2251 4003 2349 ap-

1330 2347 1707 2460 pulerunt
1766 2375 2000 2432 naves
2027 2399 2050 2442 ,
2107 2369 2246 2430 aut
2317 2373 2496 2458 quae
2539 2345 3029 2456 praetervecti
3068 2344 3527 2455 dignoscere
3564 2350 3818 2430 oculis
3861 2377 4007 2460 po-

1327 2484 1684 2566 merant,
1741 2459 2343 2571 horologiorum
2399 2468 2643 2570 operit
2696 2457 2969 2548 ,exaeoe
3006 2453 3389 2538 dimensas
3430 2455 3651 2540 fuisse
3690 2488 4009 2571 compe-

1323 2576 1563 2658 rimus
1587 2632 1615 2673 ,
1671 2593 1910 2682 atque
1949 2574 2061 2654 ita
2099 2567 2191 2652 ut
2232 2568 2805 2680 Geographicis
2850 2565 3509 2680 descriptionibus
3534 2598 3713 2681 quae
3732 2571 4007 2654 melio·
4106 2613 4111 2620 ·

1223 2741 1234 2752 ,
1324 2687 1680 2780 risnotae
1719 2683 2100 2767 habentur
2138 2683 2594 2786 eaedemmet
2638 2681 3235 2792 longitudinum
3298 2679 3768 2765 differentiae
3828 2683 4007 2766 disi-

1315 2819 1581 2906 gnatae
1601 2797 2103 2905 reperiantur.
2169 2793 2256 2875 N
2265 2819 2563 2902 amque,
2586 2792 2789 2874 inter
2840 2790 3151 2891 Toloni
3192 2813 3510 2904 portum
3574 2795 4002 2878 Candiam-

1320 2938 1488 3018 que
1523 2908 1914 3018 oppidum
1955 2903 2401 2988 differentia
2442 2903 2625 2986 hor.
2678 2931 2745 2987 1.
2788 2906 3043 3016 scrup.
3094 2911 3212 2988 22‘
3250 2927 3557 3016 reperta
3586 2903 3792 3011 fuit,
3846 2907 4027 2990 hoc-

1323 3017 1439 3099 est
1498 3019 1890 3129 graduum
1945 3017 2473 3131 longitudinis
2523 3046 2644 3100 20.
2690 3016 2943 3127 scrup.
2994 3007 3138 3124 30'.
3178 3046 3271 3100 ac
3310 3017 3563 3102 rursus
3602 3023 3647 3100 ἐι
3689 3019 4004 3110 Candia
4132 3036 4139 3044 ’

1331 3129 1753 3231 Tolonum
1793 3132 2366 3214 revertentibus
2387 3127 2834 3226 >differentia
2871 3131 3233 3236 proxime
3267 3129 3565 3214 eadem.
3626 3131 3773 3242 qui
3814 3158 4000 3213 con-

1319 3238 1584 3323 sensus
1641 3243 2140 3326 certissimum
2181 3239 2529 3322 veritatis
2562 3239 2677 3324 est
2710 3239 3123 3325 indicium·
3930 3325 3933 3328 ,

1435 3353 1653 3436 Inter
1677 3355 2014 3436 eundem
2039 3351 2349 3434 Toloni
2374 3372 2695 3461 portum
2736 3361 2817 3435 &
2856 3352 3189 3436 insulam
3223 3353 3618 3461 quandam
3670 3355 3801 3438 cui
3822 3353 4009 3438 Ma-

1325 3469 1600 3562 tetimo
1643 3493 1928 3550 nomen
1969 3463 2079 3546 est
2101 3529 2124 3567 ,
2179 3491 2441 3573 prope
2478 3467 3117 3574 promontorium
3160 3464 3450 3554 Siciliae
3490 3465 3719 3575 quod
3758 3467 4009 3550 Occi-

1319 3577 1652 3660 dentem
1681 3575 1979 3686 speEtat
2004 3641 2032 3680 ,
2078 3576 2523 3688 Lilybaeum
2548 3575 2741 3658 olim
2764 3598 3139 3672 vocatum
3167 3625 3191 3678 ·‚
3246 3574 3690 3658 differentia
3706 3577 4010 3663 horaria

1326 3685 1727 3782 >observata
1763 3686 1874 3770 est
1912 3687 2163 3799 scrup.
2209 3691 2435 3799 prim.
2486 3711 2619 3795 25,
2660 3685 2803 3772 sec.
2826 3715 2963 3790 20,
3002 3688 3291 3796 quibus
3325 3686 3803 3798 respondent
3836 3717 4009 3799 gra-

1315 3801 1480 3883 ·dus
1525 3799 2037 3912 longitudinis
2067 3803 2159 3896 6,
2209 3801 2466 3910 scrup.
2515 3803 2659 3881 20'.
2701 3799 2901 3882 Item
2944 3800 2989 3880 ὲ
3030 3798 3367 3880 Tolono
3388 3797 3834 3882 adinsulam
3858 3801 4007 3884 Sa·-

1329 3918 1618 4024 pienza
1675 3911 2015 4016 ὀίἃειιῑι,
2073 3939 2250 4023 quae
2297 3915 2529 4020 juxta
2583 3908 3219 4058 Peloponnesum
3279 3909 3390 3994 est
3470 3909 4008 4010 Occidentem

1337 4021 1654 4122 versus,
1711 4023 1903 4106 hora
1976 4052 2008 4106 1
2042 4087 2066 4126 ,
2124 4022 2293 4105 scru
2365 4086 2379 4101 .
2425 4024 2679 4133 prima
2734 4045 2774 4124 5
2810 4084 2837 4126 ,
2866 4020 3037 4104 sec.
3074 4014 3223 4134 45''
3240 4087 3268 4128 ‚
3344 4021 3635 4132 quibus
3692 4022 4009 4138 respon‘-

1331 4131 1530 4218 dent
1569 4137 2088 4249 longitudinis
2125 4051 2417 4244 gradiiw
2464 4135 2609 4236 16,
2667 4130 2922 4244 scrup.
2969 4135 3092 4220 26.

1377 4320 1385 4330 .
1458 4241 2052 4360 HorologiaJad
2096 4247 2336 4328 solem
2378 4245 2817 4326 examinata
2854 4241 3215 4351 fuerant,
3252 4273 3493 4348 ,mane
3553 4248 3655 4328 ad
3718 4253 4009 4354 Orien·-

1327 4353 1546 4458 spm,
1605 4357 1926 4472 vespere
1959 4359 2062 4460 ad
2104 4355 2687 4460 Occidentem,
2746 4357 3175 4470 supputato
3208 4384 3309 4440 ex
3368 4359 3553 4440 data
3610 4363 3781 4465 poli
3834 4364 4015 4446 aiti-

1335 4475 1616 4560 tudine
1655 4495 1999 4582 utroque
2041 4467 2417 4580 temporis
2459 4492 2923 4554 momenta·
2960 4474 3233 4580 Atque
3258 4469 3421 4554 haec
3446 4473 3645 4590 ratio
3666 4503 3849 4580 cum
3882 4504 4011 4557 na-

3885 4618 4023 4673 ves
