4517 5784
911 686 1012 733 m:
1041 693 1135 728 nt·

1249 536 1370 625 70
1743 498 2679 596 *CHRISTTANI
2768 476 3438 599 HUGENH

1265 657 1352 727 O
1393 644 1468 729 L
1510 644 1739 759 super
1763 644 2034 757 regula
2057 642 2130 725 L
2161 644 2240 725 D
2264 690 2289 747 ς
2348 640 2837 729 describente
2861 672 3147 758 nempe
3164 646 3474 757 puncto
3492 644 3590 732 Ν
3608 711 3635 752 ,
3694 644 3775 729 in
3797 643 3954 733 εἰμ’

941 754 1234 853 '⁶²⁸⁵Jnu,
1268 756 1785 843 cumferentia
1807 757 2079 869 figurae
2106 758 2192 839 O
2222 756 2293 837 L
2318 757 2658 865 sumpto.
2716 756 2826 839 Et
2858 780 3227 873 oporteat
3248 760 3349 841 ad
3362 760 3749 871 punstum
3774 788 3948 844 cur-

939 822 1092 858 GRAV

1275 900 1395 957 vae
1435 874 1512 955 A
1570 892 2026 985 tangentem
2071 868 2391 954 ducere.
2454 870 2817 954 Ducatur
2872 870 3079 953 reeta
3138 872 3217 955 C
3263 874 3339 957 A
3383 875 3429 954 a
3466 872 3772 983 puncto
3814 876 3946 972 C,

1267 984 1412 1067 -ubi
1449 983 1708 1096 figura
1761 983 2111 1097 regulam
2169 982 2540 1095 tangebat
2602 1008 2789 1065 cum
2850 981 3237 1093 punctum
3290 982 3727 1069 describens
3762 984 3951 1075 ess‘et

1271 1098 1354 1179 in
1391 1098 1506 1180 A:
1568 1096 1794 1208 quod
1833 1096 2214 1207 punstum
2235 1093 2646 1179 contastus
2673 1092 2974 1202 semper
2992 1094 3327 1177 inveniri
3347 1094 3653 1206 potest,
3708 1097 3948 1209 siquiss
3983 1150 4016 1156 --

1267 1211 1457 1293 dem
1500 1238 1611 1292 =eo
1675 1207 2078 1291 reducitur
2117 1205 2527 1319 problema
2567 1224 2659 1287 ut
2694 1204 2874 1287 duae
2918 1201 3147 1289 ῑεᾶεε
3190 1208 3395 1289 inter
3431 1206 3509 1290 se
3548 1208 3946 1319 parallelae

1269 1322 1655 1406 ducendae
1697 1320 1850 1401 sint
1881 1376 1907 1416 ‚
1973 1347 2317 1431 quarum
2357 1320 2597 1401 altera
2638 1315 2973 1400 transeat
3133 1346 3170 1400 r
3222 1318 3606 1431 punitum
3664 1320 3947 1406 descri-

1264 1434 1459 1517 bens
1515 1433 1601 1514 in
1661 1432 1717 1515 fi
1781 1462 1938 1517 urae
2005 1432 2301 1515 ambitu
2336 1430 2610 1514 datum
2637 1490 2657 1521 ‚
2719 1428 2967 1513 altera
3072 1458 3345 1541 guram
3384 1452 3691 1544 tangat,
3789 1456 3949 1520 uae..

1252 1574 1428 1657 que
1465 1548 1670 1627 inter
1735 1574 1779 1627 e
1817 1540 2106 1627 distent
2147 1565 2536 1655 quantum
2573 1539 2810 1625 distat
2850 1542 3230 1653 punctum
3272 1543 3547 1626 datum
3582 1547 3659 1629 A
3698 1462 3797 1628 acb
3831 1578 3948 1633 re-

1251 1658 1456 1767 gula
1505 1658 1575 1739 L
1621 1659 1763 1741 D:
1841 1656 2030 1739 dico
2083 1654 2333 1768 ipsam
2398 1656 2477 1739 C
2517 1658 2595 1739 A
2645 1680 3054 1738 occurrere
3113 1682 3379 1737 curvae
3438 1657 3541 1767 ad
3610 1660 3947 1772 angulos
4012 1684 4021 1691 ·

1255 1770 1518 1852 restos
1547 1835 1584 1874 .‚
1657 1767 1822 1853 five
1875 1763 2590 1852 circumferentiam
2652 1766 2751 1848 M
2800 1768 2873 1848 A
2920 1766 2987 1853 F
3035 1766 3509 1880 descriptam
3547 1792 3821 1854 centro
3862 1776 3943 1857 G

1085 1874 1092 1894 '
1258 1882 1488 1963 radio
1511 1882 1589 1963 C
1631 1886 1708 1965 A
1730 1945 1759 1986 ‚
1814 1902 2136 1990 tangere
2158 1908 2482 1965 curvam
2505 1880 2587 1961 in
2606 1878 2911 1990 puncto
2933 1880 3009 1963 A
3034 1935 3061 1979 ,
3115 1881 3327 1962 unde
3344 1882 3955 1991 perpendicula-·

1257 1994 1368 2075 ris
1387 1996 1488 2077 ad
1511 1996 1585 2077 A
1607 1995 1685 2077 C
1717 2058 1742 2097 ‚
1793 2020 1942 2105 per
1957 1992 2349 2105 ‚punctum
2372 1992 2445 2075 A
2472 2056 2499 2096 ‚
2554 1991 2795 2073 ducta
2824 2018 3153 2075 curvam
3195 1992 3483 2075 ibidem
3500 1994 3939 2105 continget.

1388 2108 1756 2203 Ducatur
1802 2106 2012 2187 enim
2059 2106 2138 2187 C
2181 2106 2250 2189 B
2296 2106 2637 2215 primum
2678 2102 2779 2185 ad
2821 2103 3203 2214 punctum
3251 2132 3511 2187 curvae
3539 2105 3605 2186 B
3631 2168 3658 2209 ,
3715 2112 3945 2217 quod

1250 2214 1503 2317 distet
1540 2217 1744 2301 ultra
1779 2216 2163 2328 punstum
2208 2216 2283 2297 A
2327 2215 2423 2297 ab
2456 2213 2725 2326 regula
2770 2213 2841 2294 L
2879 2215 2962 2296 D
2989 2278 3016 2319 ‚
3072 2214 3720 2328 intelligaturque
3739 2216 3943 2333 figu-

1393 2328 1710 2523 ‘³933
1913 2326 2273 2521 ΕΗ)
2331 2323 3449 2520 aedsffl
3478 2326 3659 2519 33

1247 2464 2337 2667 {gffiaputirsstliigrudescribens
2379 2464 2562 2630 εῧξῑ
2598 2549 2680 2628 in
2722 2548 2801 2629 A
2821 2601 2848 2643 ‚
2882 2544 3039 2627 *hic
3074 2464 3664 2676 jamqsublarum
3720 2549 3818 2634 fit
3856 2495 3940 2636 ix:

1234 2663 1522 2857 33
1559 2670 2008 2856 ''23333332
2033 2659 3077 2855 3
3502 2686 3587 2741 ω
3620 2662 3691 2744 Ε
3730 2664 3939 2783 1232

1383 2832 1602 2997 Q'ia
1635 2913 1827 2999 ergo
1865 2884 2068 2968 reeta
2107 2801 2194 2968 (ξ
2232 2885 2312 2966 D
2351 2882 2677 2993 aequalis
2720 2878 2832 2964 est
2868 2910 3128 2967 curvae
3170 2882 3240 2965 E
3284 2884 3410 2985 Ι),
3458 2856 3737 2970 eadem
3800 2918 3939 2973 ve·

1253 3026 1352 3080 ro
1390 3026 1632 3103 curva
1671 2999 1918 3107 major
1955 2994 2066 3079 est
2105 3016 2442 3105 utraque
2483 2990 2801 3075 fimulE
2848 2996 2937 3077 H
2964 3058 3001 3097 ‚.
3047 2994 3139 3079 H
3182 2996 3315 3091 D3
3373 2998 3524 3079 erit
3554 2997 3613 3079 E
3657 3000 3747 3081 H
3774 3028 3936 3083 ma.

1239 3110 1380 3218 jor
1425 3108 1768 3221 quamC
1817 3108 1933 3191 H.
1991 3107 2244 3191 Unde
2288 3104 2625 3219 angulus
2654 3104 2719 3186 E
2763 3104 2842 3185 C
2885 3106 2976 3187 H
3026 3110 3272 3217 major
3292 3134 3530 3217 quam
3577 3110 3655 3191 C
3696 3110 3765 3192 E
3806 3113 3930 3218 H,
4054 3126 4065 3139 ’

1247 3229 1340 3301 -&
1387 3222 1722 3332 proinde
1773 3220 1836 3301 E
1879 3218 1958 3301 C
2009 3218 2080 3299 L
2117 3218 2377 3299 minor
2420 3244 2660 3327 quarn
2702 3217 2781 3298 C
2821 3215 2889 3297 E
2930 3216 3041 3299 K.
3100 3219 3364 3327 Atqui
3401 3220 3925 3306 addendoan·

1243 3332 1533 3443 gulum
1579 3330 1666 3413 K
1701 3330 1770 3414 E
1813 3332 1935 3435 B,
1990 3330 2138 3441 qui
2173 3326 2496 3438 aequalis
2534 3326 2647 3409 est
2692 3328 2762 3408 L
2804 3327 2881 3408 C
2922 3331 3047 3433 A,
3104 3329 3205 3410 ad
3244 3328 3331 3411 K
3372 3326 3441 3411 E
3485 3332 3611 3435 C,
3668 3330 3766 3416 fit
3800 3364 3933 3419 an-

1241 3442 1486 3634 {ulus
1531 3444 1610 3527 C
1651 3440 1720 3525 E
1766 3442 1880 3525 B:
1935 3450 2022 3525 &
2060 3437 2491 3567 auferendp
2518 3438 2624 3519 ab
2652 3436 2725 3520 E
2768 3440 2847 3566 C
2893 3438 2963 3519 L
3006 3440 3384 3566 angulum
3433 3441 3501 3522 L
3542 3446 3623 3527 C
3670 3446 3737 3529 B
3767 3504 3790 3543 ‚
3835 3448 3932 3531 fit

1370 3556 1449 3637 C
1493 3555 1590 3638 B.
1651 3552 1872 3667 Ergo
1905 3549 2243 3746 ειῐιῗὲὼιε
2286 3552 2363 3634 C
2414 3550 2478 3630 h
2522 3550 2591 3632 B
2635 3577 2883 3660 major
2918 3578 3243 3633 ommno
3284 3552 3578 3664 angulo
3615 3554 3681 3636 E
3722 3560 3804 3641 C
3829 3560 3927 3642 B.

1249 3666 1535 3776 Itaque
1575 3666 1666 3755 in,
1699 3668 2014 3780 triangu

2137 3666 2222 3745 'C
2266 3662 2332 3743 E
2376 3663 2495 3755 B,
2553 3661 2761 3744 latus
2803 3660 2883 3743 C
2926 3663 2995 3745 B
3040 3666 3285 3771 majus
3306 3668 3923 3777 eritquamEB.

1083 3878 1088 3883 ὑ
1239 3774 1378 3859 sed
1422 3776 1484 3857 E
1535 3776 1598 3859 B
1645 3778 1950 3889 aequale
1991 3796 2212 3887 patet
2245 3772 2395 3859 effe
2436 3772 2617 3855 CA
2659 3830 2686 3871 ,
2743 3802 2923 3857 cum
2958 3773 3051 3855 fit
3089 3776 3469 3858 idemmet
3487 3777 3744 3887 ipsum
3770 3786 3957 3868 una·

1231 3914 1421 3969 cum
1469 3886 1723 4001 figura
1761 3886 2335 3999 transpositum.
2401 3884 2619 3999 Ergo
2658 3883 2739 3968 C
2782 3886 2850 3969 B
2890 3887 3124 3969 etiam
3163 3889 3406 3995 major
3450 3914 3686 3997 quam
3716 3882 3921 4000 CA,

1235 3998 1390 4080 hoc
1408 3998 1518 4081 est
1539 4064 1565 4105 ‚
1623 4027 1866 4111 quam
1904 3998 1988 4084 C
2041 4000 2135 4085 F.
2197 3999 2408 4081 unde
2430 3994 2733 4083 constat
2756 3998 3161 4109 ‘punctum
3204 3998 3273 4081 B
3317 3994 3469 4081 effe
3506 4019 3735 4085 extra
3772 4007 3925 4089 cir.

1227 4110 1818 4196 cumferentiam
1871 4113 1966 4195 M
2016 4114 2094 4195 A
2138 4108 2231 4192 F.

1339 4216 1465 4311 Sit
1523 4222 1774 4307 rursus
1833 4224 2210 4337 punstum
2274 4222 2369 4331 N
2430 4220 2512 4303 in
2570 4244 2811 4306 curva
2868 4220 3265 4333 sumptum
3318 4223 3525 4305 inter
3562 4224 3915 4339 regulam

1230 4335 1306 4419 L
1350 4338 1429 4419 D
1473 4344 1554 4420 ὅτ
1593 4336 1968 4449 punctum
2013 4338 2108 4418 A.
2171 4338 2552 4445 Cumque
2592 4333 2978 4445 pun&um
3013 4334 3455 4419 describens
3473 4336 3657 4419 esset
3676 4340 3755 4418 in
3782 4340 3910 4445 N,

1223 4444 1573 4564 ponatur
1613 4446 1801 4531 fitus
1841 4447 2115 4531 fiourae
2133 4444 2361 4528 fuisse
2382 4448 2460 4527 in
2502 4448 2585 4534 V
2616 4445 2735 4551 L,
2792 4446 3333 4559 punctumque
3374 4448 3781 4531 contactus
3808 4451 3919 4556 L,-

1215 4559 1613 4675 punstum
1661 4562 1859 4647 ver&
1902 4514 2159 4672 equod
2217 4556 2590 4669 tangebat
2621 4560 2842 4669 prius
2882 4558 3232 4667 regulam
3275 4561 3373 4643 in·
3400 4559 3480 4643 C
3521 4606 3567 4667 ‚·
3626 4560 3723 4752 fist
3748 4590 3907 4755 ffim

2778 4726 2791 4737 .
3692 4700 3741 4753 u
3826 4700 3911 4755 a.
