4517 5784
1029 391 2771 516 CONTROVERSIA'
3037 386 3267 550 229s

515 561 804 670 'quibus
842 557 1266 674 Hugenius
1301 559 1660 669 loquitur
1701 612 1727 654 ,
1803 577 1894 640 ut
1934 549 2218 666 piobet
2253 555 2879 667 propositionem
2924 592 3181 652 meam

512 673 774 756 falsam
812 738 839 779 ,
933 672 1083 756 sint
1159 671 1436 783 anguli
1508 667 1889 752 reffilinei
1944 668 2222 778 agitati
2277 671 2503 751 circa,
2538 673 2965 782 verticem,
3010 707 3169 762 non

429 857 454 886 ,
509 783 874 868 habentes
954 782 1408 894 requisitam
1484 781 2018 863 conditionem
2076 832 2102 872 ,
2213 807 2339 864 me
2410 809 2573 862 non
2648 783 2961 870 feriunt.
3084 793 3170 874 Si

511 896 1046 1003 concipiamus
1130 893 1320 975 tales
1397 889 1727 1003 angulos
1788 890 2088 974 moveri
2145 893 2351 974 circa
2390 895 2645 1000 Axem
2670 959 2695 998 ‚
2756 925 2896 1006 per
2936 905 3173 984 verti-

511 1031 636 1086 ces
678 1005 998 1087 illorum
1037 1023 1558 1086 transeuntem
1582 1064 1609 1105 ,
1649 1021 1870 1111 patet
1910 1001 2242 1084 summas
2282 1001 2816 1087 distantiarum
2842 1014 3033 1093 Axis
3072 1013 3171 1095 ab

507 1115 870 1197 omnibus
912 1115 1219 1225 punffis
1261 1113 1632 1196 linearum
1674 1175 1708 1215 ‚
1777 1139 1956 1220 quae
2001 1111 2357 1194 Pendula
2394 1139 2881 1226 componunt
2922 1183 2947 1223 ,
2997 1124 3169 1224 ‚esse

505 1225 928 1334 inaequales
970 1279 994 1320 ‚
1073 1244 1310 1334 prout
1351 1223 1510 1307 illae
1552 1223 1776 1306 lineae
1815 1221 2165 1304 efficiunt
2205 1252 2384 1306 cum
2432 1231 2607 1308 Axe
2643 1231 2975 1337 angulos
3012 1261 3167 1318 ma·
3272 1319 3285 1332 x

449 1373 464 1399 ο
507 1340 632 1444 gis
677 1339 1032 1420 minusve
1063 1357 1359 1417 acutos,
1417 1336 1528 1419 Et
1569 1341 1738 1416 mea
1779 1331 2050 1444 regula
2090 1334 2383 1440 detego
2422 1336 2749 1420 summas
2770 1338 3167 1427 distantia-

463 1471 676 1528 ·rum
735 1445 881 1530 effe
937 1448 1277 1552 aequales
1333 1444 1728 1530 Parabolis
1789 1444 2246 1526 habentibus
2281 1473 2429 1554 pto
2472 1447 2879 1532 Diametro
2916 1459 3163 1552 maxi-

499 1583 704 1639 mam
739 1558 835 1638 ab
871 1558 1048 1638 Axe
1089 1555 1529 1642 distantiam
1549 1619 1581 1660 ‚
1635 1565 1714 1638 ὃς
1755 1584 1905 1665 pro
1951 1556 2403 1640 Parametro
2436 1571 2573 1663 4²⁰¹
2608 1587 2755 1670 pro
2814 1567 3162 1649 ortiona-

503 1667 659 1749 lem
759 1661 971 1750 olitis
1013 1666 1220 1751 hisce
1262 1669 1555 1770 tribus,
1613 1665 1821 1748 linea
1855 1667 2042 1748 data
2065 1731 2092 1772 ‚
2164 1695 2345 1777 quae
2384 1668 2655 1751 eadem
2694 1590 2811 1752 eK
2840 1674 2920 1754 in
2964 1703 3163 1784 quo-

503 1779 620 1874 vis
665 1698 1030 1860 Ppendulo
1053 1842 1081 1881 ‚
1141 1780 1480 1858 maxima
1521 1775 1934 1876 distantia,
1975 1805 2154 1888 quae
2197 1780 2445 1862 variat
2480 1777 2633 1889 'pro
2672 1786 2897 1865 variis
2920 1813 3162 1896 angu-

501 1887 596 1969 lis
619 1951 646 1992 ,
668 1897 746 1970 &
774 1889 1098 1988 unitate3
1135 1891 1346 1968 unde
1368 1887 1752 1998 sequitur,
1773 1909 2079 2000 tempus
2106 1886 2646 1972 Oscillationis
2673 1891 2926 1976 valere
2950 1929 2983 2006 ‘²5
3004 1925 3161 1978 ma-

495 2001 734 2080 ximae
773 2000 872 2080 ab
893 2000 1069 2078 Axe
1105 1995 1518 2104 distantiae,
1559 2007 1640 2082 δε
1679 2027 1837 2080 non
1881 2001 1958 2080 in
1995 2001 2218 2080 omni
2258 2000 2433 2082 casu
2476 2002 2685 2083 idem
2721 2003 2897 2105 effe3
2948 2028 3168 2092 tanto

503 2110 712 2190 enim
755 2109 1065 2190 brevius
1105 2106 1260 2204 est,
1317 2132 1619 2219 quanto
1658 2109 1988 2220 angulus
2026 2108 2136 2192 est
2179 2111 2574 2217 obtufior‚
2632 2113 2717 2196 id
2738 2113 2878 2220 est,
2922 2144 3177 2229 quan·

501 2243 594 2323 to
637 2219 1086 2302 Pendulum
1126 2222 1372 2331 magis
1418 2222 1578 2302 Axi
1615 2223 1958 2305 vicinum
1996 2220 2131 2304 est.
2582 2293 2597 2310 ,

609 2332 695 2411 Si
741 2331 1162 2440 Hugenius
1197 2331 1580 2414 desiderat
1618 2331 2236 2444 propositionem
2284 2361 2463 2444 quae
2500 2339 2922 2421 conveniat
2968 2337 3177 2424 Pen·
3210 2371 3227 2380 ”

503 2441 710 2524 dulis
749 2495 776 2536 ,
851 2443 1060 2530 circa
1099 2441 1478 2550 punctum
1515 2466 1752 2540 motis
1795 2496 1822 2535 ,
1903 2446 2279 2524 mutanda
2319 2467 2625 2525 tantum
2663 2467 2893 2527 erunt
2938 2455 3175 2534 verba

505 2552 862 2660 quaedam
899 2549 982 2628 in
1025 2551 1422 2659 principio
1457 2549 1994 2628 Pendulorum
2035 2549 2539 2648 habentibum
2578 2555 2837 2634 Axem
2878 2599 2908 2652 3
2985 2556 3170 2641 loco

501 2659 798 2744 radices
833 2656 1374 2766 distantiarum
1410 2653 1724 2741 illarum
1748 2713 1776 2755 ‚
1827 2655 2249 2768 legendum
2272 2656 2600 2764 summae
2646 2657 3015 2746 linearum
3051 2691 3170 2749 re-

505 2773 812 2858 aarum
836 2827 863 2868 ,
923 2797 1092 2883 quae
1135 2794 1216 2852 re
1262 2766 1672 2879 resentant
1692 2788 2022 2896 tempora
2050 2765 2619 2879 Ofiillationum
2642 2781 2969 2860 omnium
2985 2799 3169 2892 par-

504 2895 702 2970 tium
723 2883 1151 2992 fiparatim
1226 2898 1647 2965 unctorum.

611 2997 806 3077 Hoc
849 2994 1092 3074 modo
1127 2991 1566 3104 propositio
1603 2990 1962 3074 inserviet
2001 2990 2369 3075 ambobus
2406 2995 2722 3080 casibus.
2821 3000 2979 3082 Sed
3036 3031 3154 3087 res

505 3105 780 3187 melius
821 3101 1292 3209 intelligitur
1337 3131 1480 3212 per
1513 3099 1870 3212 generale
1911 3102 2466 3217 Principium,
2522 3111 2745 3214 quod
2789 3111 3164 3221 proposui

501 3225 586 3299 δε
639 3216 748 3297 ita
791 3213 866 3296 se
925 3209 1181 3296 habet.
1295 3209 1388 3293 In
1426 3215 1672 3296 eodem
1733 3207 2072 3304 Pendula
2105 3267 2132 3306 ,
2209 3238 2377 3295 cum
2434 3243 2678 3296 omnes
2713 3240 2970 3328 partes
3026 3223 3169 3327 nisi

477 3323 720 3438 fimul
751 3328 1047 3406 moveri
1077 3340 1452 3435 nequeant
1490 3387 1517 3428 ,
1587 3340 1891 3436 propter
1903 3323 2138 3429 suam
2177 3327 2767 3433 conjunciionem
2803 3386 2831 3429 ,
2892 3333 3167 3418 vibra-

494 3443 606 3524 tio
685 3440 932 3518 minus
969 3431 1410 3536 distantium
1455 3434 1550 3518 ab
1587 3435 1774 3520 Axe
1813 3497 1842 3538 ‚
1938 3432 2070 3516 vel
2097 3435 2877 3550 punctosufpenstonis
2913 3504 2933 3534 ,
3033 3450 3155 3528 ita

495 3550 957 3634 retardatur
990 3573 1037 3625 a
1072 3543 1508 3630 vibratione
1539 3552 2030 3631 remotiorum
2065 3607 2088 3632 ‚
2195 3547 2293 3640 ὸ
2354 3554 2505 3630 reci
2550 3575 2711 3632 roce
2772 3551 3162 3665 chillatio

493 3661 986 3743 remotiorum
1026 3661 1144 3736 ita
1179 3653 1639 3742 acceleratur
1669 3679 1804 3770 per
1843 3653 2397 3766 oscillationem
2433 3687 2479 3740 a
2508 3665 2767 3743 iarum
2808 3719 2833 3759 ,
2906 3691 2997 3746 ut
3038 3667 3163 3744 de-

500 3790 643 3856 tur
692 3773 898 3851 inter
933 3759 1104 3846 illas
1143 3769 1623 3876 compensatio
1675 3767 2150 3850 celeritatum
2181 3769 2759 3878 proportionalis
2800 3773 3158 3872 arcubus,

500 3877 632 3964 vel
645 3900 1072 3962 curvarum
1083 3875 1548 3986 portionibus
1565 3931 1592 3972 ‚
1648 3901 1841 3989 quas
1869 3873 2296 3980 describunt
2318 3933 2343 3972 ,
2366 3881 2483 3958 ita
2505 3896 2593 3960 ut
2613 3895 2901 3991 tempus
2920 3880 3161 3995 Oscil·

503 3991 805 4076 lationis
883 3989 1124 4088 totius
1177 3983 1513 4070 Penduli
1563 3988 1662 4088 fit
1723 3983 2052 4070 medium
2110 3990 2316 4068 inter
2366 4005 2699 4102 tempora
2775 3995 3163 4080 Vibratio-

500 4126 688 4190 num
709 4159 736 4202 ,
793 4119 984 4210 quas
1017 4115 1460 4209 peragerent
1492 4095 1644 4182 illae
1674 4115 1932 4208 partes
1967 4149 1997 4195 ,
2055 4095 2144 4205 fi
2169 4123 2317 4180 non
2354 4105 2558 4184 inter
2572 4100 2662 4212 fi
2678 4100 2957 4214 forent·
2992 4134 3165 4190 con-

477 4211 838 4332 junii‘ae,
895 4207 977 4292 id
995 4207 1120 4322 est,
1161 4225 1252 4293 ut
1284 4209 1381 4310 [ιτ
1415 4207 1704 4325 equale
1718 4208 2046 4320 summe
2087 4226 2507 4318 temporum
2545 4212 2849 4300 illorum
2890 4217 3165 4322 divifae

487 4349 626 4441 per
661 4341 1060 4406 numerum
1091 4325 1440 4430 partium
1477 4385 1508 4428 ,
1580 4347 1770 4435 quas
1827 4321 2173 4407 debemus
2225 4322 2678 4430 considerare
2712 4345 2806 4410 ut
2840 4325 3169 4442 aquales

503 4437 606 4536 ὸ·
643 4429 940 4546 infinite
965 4449 1298 4544 parvas..
2115 4539 2277 4654 ,Εἰ
2320 4567 2391 4658 3,
2706 4561 2713 4570 ἱ
2809 4675 2821 4684 κ
2996 4545 3169 4632 ΒΕ-
