4517 5784
1322 495 1417 576 a
1602 435 3899 614 *DAPHNISECLOGA4·U

1323 613 1962 726 Neptuninarum
1995 611 2365 726 pecudum
2402 607 2741 724 fidiffime
2779 609 3061 726 custos.-

1328 732 1513 816 Neu
1556 731 1963 840 quisquam
1997 723 2182 833 [ξω
2221 731 2565 810 me‘minit
2602 723 2947 833 decedere
2988 727 3217 815 noHi.
3368 768 3375 778 ·

1327 839 1632 924 Interea
1670 837 1990 924 tenebrae
2027 835 2502 948 densantur}
2570 837 2669 932 ῥ’
2712 835 2984 930 abdita
3019 841 3268 924 nimbo

1333 951 1668 1064 Cynthia
1707 957 1890 1036 dum
1924 947 2240 1048 latitat,
2294 945 2457 1032 coeli
2493 948 2585 1033 de
2619 967 2845 1061 parte
2856 947 3138 1063 serena

1333 1066 1696 1150 Cinctum
1736 1089 1884 1146 non
1899 1059 2154 1175 solitis
2185 1055 2526 1176 protfft
2563 1061 2903 1145 crinibus
2940 1090 2987 1145 a
3054 1069 3285 1166 rum',
3344 1111 3349 1118 ·

1331 1174 1891 1289 Prolixumque
1933 1173 2250 1260 trahens
2291 1171 2541 1258 albore
2571 1169 2899 1272 notabile
2956 1185 3209 1289 yrma.

1331 1293 1757 1377 Mirantur
1791 1288 2066 1374 chorus
2102 1290 2442 1371 attoniti.
2504 1291 2853 1372 miratur
2896 1291 2995 1384 ά
3040 1288 3185 1402 ipse
3204 1318 3244 1382 ,-

1330 1398 1780 1506 Praefiertim
1822 1418 2133 1485 tantum
2165 1395 2407 1512 'capiti
2442 1424 2615 1484 cum
2652 1396 2913 1510 demfit
2950 1397 3353 1493 honoremi

1329 1517 1875 1628 ornatumque
1889 1512 1980 1625 fi
2035 1536 2293 1596 uacem
2334 1537 2629 1608 omnem,
2662 1537 2838 1595 mox
2873 1509 3183 1598 reddita
3231 1517 3493 1599 Luna.

1333 1621 1526 1730 Infit
1567 1624 1718 1720 &s
1777 1624 1919 1712 Ad
1992 1651 2095 1708 ua
2133 1629 2449 1740 quisque
2481 1621 2815 1737 mapalia
2855 1625 3140 1711 tendite
3171 1645 3404 1727 nota,

1336 1737 1711 1850 Prodigia
1747 1731 1864 1821 nil
1927 1731 2235 1834 olliciti‘,
2291 1759 2663 1820 curamve
2692 1733 3089 1852 foventes.
3538 1763 3543 1768 ·

1191 1907 1200 1940 .
1337 1848 1679 1965 Insuetos
1716 1846 1909 1934 alias
1944 1844 2135 1934 tales
2176 1847 2655 1934 cantabimus
2686 1852 2892 1962 ignes
2916 1905 2943 1949 ‚

1336 1964 1463 2052 Et
1498 1959 2004 2078 trepidantem
2041 1963 2543 2077 nequicquam
2559 1959 2985 2074 formidine
3017 1961 3381 2075 vulgum:

1449 2073 1649 2160 Haec
1693 2073 1968 2162 Ancon
1985 2107 2014 2158 .·
2075 2073 2267 2157 mihi
2304 2071 2481 2187 visa
2519 2073 2665 2168 tibi
2700 2097 2873 2189 quae
2904 2071 3143 2186 digna
3176 2073 3463 2188 referri
3476 2080 3513 2170 ,¹

1343 2189 1863 2273 Hucssmmz
1890 2243 1919 2285 ,
1970 2184 2191 2271 decus
2229 2184 2779 2299 Hugem'dum,
2838 2191 2965 2269 cui
2983 2186 3243 2290 fidera
3278 2212 3485 2275 cure
3502 2243 3557 2287 „

1343 2304 1521 2390 Nec
1559 2299 1937 2383 Phoebum
1972 2323 2062 2382 ac
2100 2295 2422 2412 Pimplae
2435 2294 2581 2409 fas
2616 2296 2727 2402 est„
2762 2314 3222 2382 contemnere
3261 2299 3536 2382 Divas
3550 2305 3591 2398 ,'

1331 2415 1588 2521 'fineis
1627 2427 1769 2496 tua
1808 2429 1976 2496 tota
2012 2408 2324 2509 domus,·
2361 2406 2677 2521 fratres
2694 2466 2719 2506 ,
2764 2415 3218 2522 genitorque
3257 2406 3520 2494 dicati.

1349 2527 1484 2610 Sic
1521 2548 1756 2637 neque
1795 2545 1872 2606 te
1888 2522 2140 2637 facies
2171 2527 2549 2637 peregrini
2588 2537 2884 2606 terreat
2924 2518 3143 2631 astri,
3321 2555 3327 2562 ·
3482 2535 3489 2542 ·

1347 2635 1665 2731 Idemve
1702 2660 1894 2726 anne
1931 2631 2130 2722 alius
2163 2643 2399 2725 vario
2413 2632 2730 2750 fulgore
2764 2651 3097 2717 cometes.
3243 2707 3251 2720 ,

2908 2772 2950 2804 l

2330 2849 2341 2860 '
2444 2847 2549 2974 A
2604 2869 2774 2978 cto·
2829 2869 3016 2962 109
3068 2845 3292 2966 33ny
3426 2878 3434 2887 ·

3674 4657 4031 4770 ,ΘΗΜ-ἓ
