4517 5784
1345 394 1434 540 1⁵2
1825 383 2773 544 CHRISTIANI‘
2842 433 3495 540 HUGE-Nu

1245 665 1250 668 -
1346 609 1726 720 perientia
1760 609 2066 720 optime
2103 607 2595 718 comprobat.
2688 605 3032 691 Penduli
3066 635 3260 708 vero
3292 605 3535 720 ipsius
3558 671 3583 715 ‚
3639 619 4015 722 quas‘ad-

1347 741 1624 800 notant
1662 775 1689 815 ,
1758 719 1980 801 binas
2020 721 2593 830 inaequalitates
2631 780 2659 821 ,
2737 719 2873 800 alii
2916 739 3176 800 autem
3210 743 3486 802 contra
3530 750 3962 837 pernegant
3985 793 4012 832 ,

1343 857 1607 911 earum
1643 829 1964 913 alteram
2002 831 2489 914 admittimus
2514 893 2539 934 ,
2594 827 2728 913 sed
2767 829 2911 911 vix
3012 830 3389 940 uicquam
3422 833 3850 946 horologio
3869 867 4016 920 no-

1323 937 1506 1030 ·stro
1543 937 2020 1026 officientem
2056 1006 2083 1047 ‚
2153 942 2475 1024 alteram
2532 939 2798 1052 planci
2825 941 2965 1022 nul
3180 938 3331 1023 esse
3368 943 3812 1028 adseverare
3852 973 4019 1031 non

1323 1053 1815 1144 dubitamus.
1930 1052 2148 1137 Illud
2188 1053 2463 1162 itaque
2502 1080 2686 1136 vere
2720 1047 3056 1134 asserunt
3078 1114 3103 1155 ,
3182 1078 3343 1132 non
3380 1053 3689 1164 prorsus
3726 1059 4019 1166 aequali

1348 1184 1706 1275 tempore
1767 1165 2078 1248 latiores
2133 1166 2481 1249 e'usdem
2522 1161 2855 1273 penduli
2888 1189 2980 1244 ac
3018 1161 3499 1274 angustiores
3544 1169 4013 1254 vibrationes
4106 1193 4121 1204 ·

1348 1273 1665 1358 transire
1685 1339 1712 1377 ‚
1769 1273 1905 1359 sed
1941 1275 2062 1360 his
2099 1193 2274 1378 ilias
2316 1275 2562 1388 paulo
2666 1275 2787 1358 lus
2826 1273 3208 1358 insumere
3248 1330 3279 1370 ,
3355 1276 3581 1384 quod
3616 1276 3835 1362 facili
3874 1309 4015 1378 ex-

1345 1385 1793 1498 perimento
1826 1385 2339 1476 demonstrari
2378 1303 2663 1498 potes?
2776 1386 2866 1467 N
2872 1411 2997 1466 am
3032 1384 3087 1466 fi
3128 1385 3480 1496 pendula
3516 1387 3684 1470 duo
3718 1453 3747 1493 ,
3821 1417 4019 1499 pon-

1189 1519 1204 1530 ‘
1345 1497 1536 1581 dere
1573 1525 1664 1579 ac
1703 1495 2208 1611 longitudine
2251 1495 2633 1625 aequalia‚
2712 1495 3043 1580 alterum
3086 1495 3375 1607 procul
3412 1498 3457 1578 a
3495 1526 3635 1609 per
3695 1503 4024 1585 endicu-

1345 1605 1453 1690 10.
1471 1666 1500 1710 ‚
1572 1606 1908 1691 alterum
1947 1637 2389 1722 parumper
2443 1609 2997 1692 dimoveantur
3036 1665 3066 1706 ,
3140 1606 3366 1690 fimul
3406 1609 3601 1693 dim'
3668 1641 3713 1693 a
3754 1677 3781 1715 ,
3856 1641 4018 1698 non

1341 1719 1496 1814 diu
1533 1721 1614 1802 in
1653 1741 1909 1831 partes
1946 1718 2247 1805 easdem
2290 1748 2447 1802 una
2482 1717 2669 1802 ferri
2706 1739 3115 1808 cernentur
3151 1783 3178 1823 ,
3255 1717 3391 1804 sed
3446 1744 3869 1833 praevertet
3922 1725 4019 1826 il-

1347 1828 1749 1940 lud‘cujus
1789 1830 2152 1916 exiliores
2195 1851 2427 1914 erunt
2468 1830 2841 1913 recursus,
2932 1833 3235 1918 Verum
3277 1831 3464 1914 huic
3500 1831 4021 1943 inaequalitati

1349 1941 1703 2025 nostrum
1741 2003 1768 2044 ‚
1843 1945 1965 2025 uti
2019 1942 2198 2027 dixi
2244 2007 2272 2048 ‚
2347 1939 2859 2055 horologium
2896 1941 3165 2024 minus
3204 1941 3641 2046 obnoxium
3672 1942 3792 2027 est·
3816 2008 3849 2050 ,
3920 1975 4021 2032 eo

1349 2053 1582 2162 quod
1629 2079 1898 2136 omnes
1955 2051 2481 2138 oscillationes
2540 2051 2835 2163 aequali
2892 2049 3148 2162 spatio
3189 2051 3236 2134 a
3276 2054 3847 2169 perpendiculo
3880 2085 4021 2140 ex-

1351 2184 1690 2248 currant.
1815 2165 1910 2248 N
1914 2193 2004 2248 ec
2045 2188 2309 2249 tamen
2348 2165 2432 2245 in
2474 2185 2734 2246 totum
2768 2161 3450 2290 eifpersremanfit
3467 2226 3497 2270 ‚
3576 2165 3633 2248 fi
3668 2168 4020 2274 minutis-

1223 2347 1230 2354 .
1352 2272 1538 2358 fima‘
1571 2303 1912 2386 quaeque
1929 2339 1958 2380 ,
2017 2274 2216 2358 ficut
2260 2276 2407 2357 hac
2450 2274 2534 2354 in
2568 2303 2653 2356 re
2686 2273 2857 2359 fieri
2895 2275 3185 2356 necesse
3222 2271 3336 2384 est
3356 2329 3384 2368 ,
3438 2277 3859 2362 eonse&ari
3878 2308 4019 2364 ve·

1352 2383 1612 2469 limus.
1731 2387 2164 2500 Contingit.
2199 2383 2591 2497 siquidem
2631 2383 2761 2467 vel
2796 2382 2993 2465 ae'ris
3028 2383 3541 2492 intemperie,
3595 2387 3726 2470 vel
3760 2393 4018 2499 operis

1356 2496 1564 2580 vitio
1624 2495 1902 2608 aliquo
1942 2562 1968 2602 ,
2044 2519 2136 2580 ut
2172 2525 2333 2579 non
2376 2495 2673 2608 semper
2708 2493 2880 2606 pari
2919 2493 3005 2576 vi
3039 2493 3378 2606 agitetur
3415 2491 3729 2580 clavula
3762 2501 4019 2608 QR,

1357 2610 1570 2692 unde
1603 2607 2247 2728 &30scillationes
2290 2606 2615 2720 penduli
2675 2605 2930 2714 (licet
2964 2606 3268 2716 exiguo
3286 2601 3796 2717 discrimine)
3854 2639 4018 2712 cre-

1357 2717 1566 2802 scere
1603 2748 1694 2800 ac
1741 2718 1998 2801 rursus
2039 2719 2403 2800 imminui
2454 2711 2746 2824 'necess'e
2784 2713 2918 2798 est.
3035 2717 3409 2826 Cumque
3444 2717 3865 2829 ampliores
3894 2748 4019 2824 re-

1353 2829 1622 2911 cursus
1660 2828 2116 2932 arctioribus
2139 2893 2166 2934 ‚
2243 2827 2435 2912 ficut
2462 2830 2715 2912 modo
2753 2826 3109 2940 dicebam
3134 2891 3159 2932 ,
3237 2825 3418 2939 plus
3458 2835 3839 2941 temporis
3876 2835 4023 2916 im-

1325 2940 1752 3052 ‚pendant5
1786 2941 2110 3024 idcirco
2145 2939 2525 3023 nonnulla
2560 2939 2747 3024 hinc
2784 2939 2871 3020 in
2912 2939 3311 3052 horologii
3348 2960 3573 3023 motu
3608 2940 4019 3054 inaequali-

1356 3071 1474 3134 tas
1511 3049 1798 3135 existit.
1874 3051 1984 3137 Et
2020 3052 2208 3135 huic
2243 3052 2617 3164 quidem,
2672 3073 2853 3164 utut
2889 3049 3511 3169 contemptibilis
3548 3051 3807 3138 videri
3841 3057 4021 3167 pos-

1355 3161 1453 3244 fit
1471 3226 1498 3266 ,
1553 3163 1990 3245 remedium
2021 3164 2265 3246 etiam
2301 3163 2669 3244 adhibere
2708 3160 3141 3255 solebamus
3184 3224 3213 3264 ‚
3269 3161 3647 3270 quamdiu
3684 3165 3811 3270 ita,
3830 3195 4019 3252 con·

1355 3271 1648 3355 structa
1679 3271 1896 3354 erant
1930 3269 2348 3382 horologia
2385 3328 2412 3369 ‚
2483 3291 2573 3352 ut
2612 3267 3043 3382 majuscula·
3066 3267 3250 3351 ess‘et
3287 3270 3620 3379 penduli
3656 3278 4018 3392 agitatio.

1359 3380 1876 3466 Postmodum
1917 3409 2108 3466 vero
2162 3445 2187 3487 ‚
2263 3409 2363 3463 ne
2403 3381 2749 3464 remedio
2791 3408 2993 3496 opus
3030 3378 3217 3489 esset
3256 3434 3285 3477 ,
3359 3375 3758 3493 effecimus
3794 3390 4027 3476 adhi-

1353 3493 1599 3577 bitot
1655 3522 1946 3605 mpano
1981 3495 2070 3578 O
2115 3513 2442 3604 totaque
2486 3493 2553 3575 P
2594 3524 2611 3573 :
2674 3489 2979 3601 'quibus
3034 3490 3193 3576 hoc
3230 3491 3785 3606 consequimur
3821 3563 3850 3606 ,
3926 3521 4021 3590 ut

1345 3523 1787 3713 ,quamlibet
1823 3603 2166 3718 angustae
2207 3602 2356 3686 fint
2391 3602 2725 3716 penduli
2762 3595 3286 3718 vibrationes}
3338 3631 3594 3718 neque
3629 3636 3727 3718 eo
3773 3603 4017 3720 secius
4068 3667 4073 3670 -

1341 3716 1530 3820 ‚axis
1569 3713 1673 3800 M
1719 3715 1809 3800 N
1835 3773 1866 3816 a
1923 3738 2315 3832 quantum
2351 3713 2645 3823 necesse
2674 3711 2786 3797 est
2810 3769 2836 3815 2
2893 3713 3300 3830 reciproco
3339 3738 3567 3809 motu
3608 3707 4020 3832 converta-

1359 3846 1509 3910 tur.
1574 3823 1831 3941 Nam
1865 3855 2051 3911 cum
2089 3827 2452 3940 tympani
2491 3828 2603 3952 O·¹
2618 3816 3009 3942 diametro
3042 3826 3291 3938 dupla
3326 3826 3457 3912 vel
3496 3826 3735 3942 tripla
3772 3861 4019 3942 pona-

1359 3958 1492 4041 tur
1524 3937 1902 4022 diameter
1941 3961 2132 4023 rotae
2171 3938 2237 4022 P
2282 3994 2309 4033 ‚
2383 3936 2732 4048 sequitur
2770 3959 2859 4020 ut
2894 3937 3123 4049 hujus
3160 3938 3450 4050 exigua
3486 3937 3673 4025 licet
3709 3943 4021 4029 oscilla·

1359 4049 1580 4130 tione
1615 4113 1643 4152 ,
1733 4048 1936 4132 illud
1969 4071 2236 4134 tamen
2274 4047 2453 4130 satis
2492 4077 2855 4161 magnam
2890 4050 3261 4134 circuitus
3299 4069 3621 4160 partem,
3636 4053 4017 4142 absolvat.

1359 4161 1494 4244 Sic
1530 4161 1772 4274 igitur
1807 4158 2419 4246 oscillationibus
2455 4159 2824 4244 universis
2858 4158 3323 4245 ‘exilioribus
3344 4159 3675 4248 redditis
3750 4153 4023 4252 etiam·

1349 4269 1421 4372 ,fi
1460 4272 1733 4358 harum
1764 4269 1950 4354 aliae..
1975 4271 2160 4358 alias
2204 4269 2625 4355 latitudine
2662 4271 3149 4386 quandoque
3185 4262 3575 4372 excedant
3584 4339 3623 4386 ἃ
3658 4227 4021 4388 ,lingula-

1357 4409 1538 4466 rum
1570 4403 1849 4482 .,tamen
1907 4403 2264 4496 tempora.
2298 4447 2341 4490 ‚.
2401 4383 2885 4498 experientia
2922 4381 3110 4468 teste
3149 4448 3179 4490 ,
3249 4381 3497 4498 null0.
3528 4383 4019 4496 memorabili

1343 4489 1800 4620 ‚discritniiie
1823 4494 2240 4620 differunt}
2356 4497 2547 4619 Qa
2583 4523 2683 4582 ex
2726 4523 2810 4614 re
2848 4501 2928 4616 ὃς
2960 4495 3120 4614 hoe
3157 4488 3559 4614 contingit
3573 4533 3602 4604 5
3658 4497 4023 4700 ut⁴au6bq

3888 4641 3987 4718 γε
