4517 5784
792 384 1555 481 HOROLOGs.
1669 386 2661 487 OSCILLATOK.
2964 414 3124 509 1³8·⁸

427 526 773 615 modum
788 525 1165 641 superiori
1184 521 1723 637 propofitione
1758 520 1913 606 fuit
1933 522 2351 610 ostensum.
2411 530 2634 646 Ergo
2653 592 2688 634 ,.
2739 534 2795 621 fi
2839 538 2980 627 fiat
3017 442 3209 631 ῃῖοι
3227 582 3444 627 exm-

420 641 893 751 quadratum
917 641 1275 751 ex19's‘ss3·
1310 635 1417 727 ,ad
1438 636 2031 746 quadratumex
2052 632 2266 737 607',
2321 642 2478 725 hoc
2499 644 2654 743 est,
2711 646 3385 765 11:364812335&

418 753 522 839 ad
565 757 884 863 360009
909 816 937 857 ,
988 752 1103 833 ita
1150 753 1244 836 18
1292 751 1543 829 unciae
1586 748 1691 830 ad
1726 745 1963 861 eliud.
1990 811 2034 853 5,
2072 748 2272 833 fient
2330 754 2511 865 ped.
2585 786 2704 869 14.
2783 794 2959 849 unc.
3021 806 3096 882 9.

420 864 560 953 lin,
636 868 686 957 6,
730 890 770 969 ‚·
812 863 1163 950 altitudo
1218 858 1627 943 descensus
1681 861 2406 970 perpendicularis,
2457 888 2615 950 tem
2653 901 2820 975 ‘ore
2873 881 3098 967 unius

420 972 765 1062 secundi.
845 978 1063 1063 Cum
1112 993 1372 1057 autem
1427 998 1579 1082 pes.
1628 972 2017 1054 Horatius
2076 972 2173 1056 fit
2228 978 2336 1058 ad
2408 900 2898 1071 Parisiensem
2920 1056 2945 1095 ,
3007 1020 3101 1079 ut

422 1089 584 1176 881.
614 1090 722 1175 ad
762 1090 921 1196 864
940 1134 967 1189 5
1022 1084 1168 1169 erit
1208 1081 1489 1167 eadem.
1518 1080 1866 1169 altitudo
1903 1146 1947 1187 ,.
2013 1085 2121 1167 ad'
2160 1084 2380 1170 hanc·
2401 1092 2824 1181 mensuram
2863 1104 3095 1187 redu-

372 1198 587 1303 cta,
644 1190 1013 1311 proxime
1047 1196 1361 1311 pedum
1394 1216 1480 1304 15
1534 1200 1619 1275 &
1658 1196 1909 1277 unciae
1982 1196 2253 1279 unius..
2351 1204 2626 1312 Atque
2683 1208 2854 1291 haec
2917 1242 3112 1301 curn.

412 1310 1000 1397 accuratissimis
1058 1305 1619 1418 experimentis
1694 1304 1992 1389 nostris.
2040 1308 2364 1419 prorsus
2427 1322 2930 1406 conveniunt.
3013 1321 3113 1413 in·

392 1422 709 1529 quibus
744 1420 1137 1533 punstum„
1164 1418 1373 1502 illud
1412 1418 1838 1527 temporis,
1894 1444 2061 1527 quo
2108 1419 2326 1503 casus
2367 1416 2691 1523 finitur,'
2747 1458 2906 1515 non
2963 1468 3113 1523 au-
3231 1428 3240 1449 ’

408 1536 621 1616 nium
660 1555 795 1615 aut
832 1531 1055 1615 oculi
1094 1528 1404 1639 judicio
1444 1527 1955 1620 discernitur;
2011 1556 2354 1638 quorum
2391 1559 2752 1621 neutrum
2789 1542 2918 1628 hic
2981 1550 3097 1631 sa.-

409 1644 517 1727 tis
552 1664 817 1731 tutum
862 1640 977 1726 est
997 1689 1025 1743 5
1082 1640 1216 1725 sed
1254 1639 1590 1751 spatium
1634 1638 2183 1723 descendendo
2222 1646 2617 1753 perastum
2640 1712 2667 1753 ,
2721 1653 2881 1736 alio
2922 1686 3094 1741 mo-

412 1755 527 1837 do
548 1819 589 1859 5,
630 1782 885 1863 quem
934 1753 1073 1839 hic
1108 1777 1511 1863 exponere
1552 1754 2023 1837 tentabimus
2044 1806 2073 1850 2
2126 1752 2416 1867 absque
2433 1757 2606 1839 ullo
2621 1790 2877 1877 errore
2903 1798 3110 1884 cog.

396 1866 723 1949 noscitu
768 1930 785 1945 .
1674 1915 1679 1923 ·
2267 1946 2274 1963 s

392 2050 403 2061 .
534 1894 877 2058 Penduli
900 2040 929 2080 ‚
982 1974 1093 2058 ad
1127 1974 1503 2087 parietem
1544 1972 1993 2058 tabulamve
2048 1977 2378 2061 erectam
2399 2035 2442 2075 ,.
2486 1979 2818 2095 suspensi
2858 1990 3091 2073 dimi·-

404 2087 546 2173 dia
584 2085 975 2169 oscillatio
1034 2112 1339 2168 moram
1400 2086 1783 2197 temporis
1823 2151 1851 2192 ,
1927 2086 2292 2171 cadendo
2357 2091 2807 2207 absumpti,
2884 2103 3094 2185 indi.

402 2218 560 2281 cat.
618 2198 879 2307 Cujus
916 2194 1299 2307 sphaerula
1323 2260 1351 2301 ‚
1409 2218 1503 2281 ut
1536 2196 1823 2281 eodem
1860 2222 2265 2281 momento
2305 2231 2396 2284 ac
2437 2204 2844 2315 plumbum
2887 2214 3110 2298 casui:

404 2306 873 2393 destinatum
910 2308 1395 2395 dimittatur,
1454 2330 1791 2419 utraque
1844 2307 1991 2390 filo
2028 2314 2658 2401 tenui‘connexa
2677 2342 3044 2407 tenentur
3062 2383 3112 2424 ‚.

401 2420 632 2530 quod
668 2420 1057 2503 admotoi
1118 2448 1215 2501 ne
1256 2418 1656 2501 inciditur.
1720 2418 1879 2502 Sed
1914 2424 2175 2527 prius,
2232 2423 2502 2505 casuro
2523 2430 2900 2535 plumb0,
2958 2437 3087 2517 fu·

396 2531 723 2617 niculus
761 2528 1039 2613 aliusa
1196 2528 1475 2617 stitur,
1538 2529 1715 2633 ejus
1758 2526 2280 2635 longitudinis
2323 2594 2362 2633 ,.
2405 2557 2499 2616 ut
2538 2598 2572 2637 ,.
2635 2564 2813 2619 cum
2869 2565 3108 2626 totus-‚2

374 2643 689 2725 -exierit
730 2640 777 2723 ὲ
814 2640 1147 2751 plumbo
1176 2638 1521 2735 traxit-m,
1576 2634 1935 2719 nondum
1954 2638 2057 2721 ad
2094 2640 2472 2751 parietem
2511 2646 2867 2732 illidatur
2888 2682 3084 2765 pen-

397 2753 711 2839 dulum.
794 2752 1167 2839 Funiculi
1233 2753 1393 2860 ejus
1458 2768 1703 2861 caput
1772 2748 2111 2833 alterum
2153 2815 2197 2855 ‚.
2262 2756 2552 2867 regulae
2611 2758 3106 2865 chartaceae‚,

398 2888 545 2949 aut
578 2866 937 2951 extenui
978 2861 1419 2947 membrana
1440 2882 1782 2973 paratae-2
1836 2860 2223 2963 cohaeret3
2281 2866 2394 2947 ita
2436 2871 2536 2950 ad
2581 2875 2948 2977 parietem
2972 2902 3092 2959 ta..

394 2976 765 3061 bulamve
802 3004 843 3055 a
910 2975 1221 3082 plicatae
1244 3038 1271 3078 ,
1326 2994 1423 3053 ut
1459 2970 1898 3053 trahentem
1940 2970 2209 3054 funem
2252 2973 2484 3060 facile
2540 2978 2760 3087 sequi
2799 2988 3038 3094 possit
3058 3045 3108 3087 ,‚

394 3088 779 3195 recisique
890 3086 1245 3167 cundum
1286 3080 1871 3191 longitudinem
1928 3079 2137 3162 suam
2200 3084 2712 3191 descendere3
2769 3123 2866 3175 eo
2925 3096 3088 3182 loci

398 3196 779 3280 transiens
804 3258 830 3298 ,
946 3222 1051 3275 uo
1091 3192 1437 3303 penduli.
1466 3189 2290 3298 sphaera-adtabulam
2331 3202 2661 3282 accidet.
2751 3207 3110 3291 Absum--

398 3331 557 3420 pto
592 3309 844 3421 igitur
930 3302 1265 3386 uniculo
1328 3324 1553 3399 t0t0,
1616 3329 1791 3411 pars
1844 3301 2171 3412 insuper:
2204 3308 2498 3418 negulae
2537 3312 2892 3422 deorsum
2932 3342 3106 3405 tra-Q

394 3424 620 3507 hitur
660 3420 705 3501 ὲ
740 3415 1070 3502 cadente
1109 3412 1491 3526 plumbo,
1550 3412 2025 3523 priusquam:
2080 3418 2518 3524 pendulum
2583 3426 2685 3507 ad
2743 3430 3108 3515 tabulam.

396 3530 829 3643 pertingat.
888 3530 1095 3635 Qtae
1137 3547 1447 3635 quanta.
1474 3523 1567 3605 fit
1674 3552 1837 3621 am,
1897 3523 2195 3637 sphaera
2234 3526 2584 3643 fuligine·
2623 3537 2908 3621 leviter-
2959 3545 3076 3622 in..

398 3644 607 3733 fecta
648 3703 675 3744 ,
751 3636 1267 3745 regulamque
1326 3652 1567 3745 ptoete
1638 3628 2021 3735 abentem)
2055 3635 2364 3747 fignans
2397 3705 2424 3744 ‚
2499 3646 2812 3727 indicat.
2877 3652 3098 3731 Huc·

398 3778 661 3839 autem
716 3748 987 3829 addita
1020 3740 1358 3825 funiculi
1402 3746 1899 3855 longitudine
1919 3808 1966 3849 ,ζ
2004 3744 2356 3856 spatium
2399 3754 2760 3835 cadendo
2817 3784 3102 3840 emen--

396 3870 575 3951 sum
614 3861 833 3946 certo
876 3854 1303 3939 definitum
1342 3854 1699 3955 habetur.
1778 3929 1785 3941 ,
1873 3862 1885 3875 ‘
2443 3948 2456 3961 ,

511 3976 755 4058 Aeris-
794 3990 1057 4052 autem
1098 3963 1561 4062 occursum,
1616 3960 1833 4073 quali
1879 3962 2155 4046 nullus·
2188 3965 2380 4051 esset
2418 3972 2508 4051 in·
2537 3970 2665 4054 his
2698 3974 3098 4093 intelligi-

400 4094 667 4204 gimus
717 4144 761 4185 ,,
814 4103 909 4166 ut
947 4077 1301 4161 mensura
1338 4076 1790 4159 cadentibus
1836 4076 2298 4267 cor-iporibus
2344 4080 2670 4191 praefixa
2704 4114 2884 4171 cum
2937 4120 3080 4175 ex-

390 4191 845 4317 perimentis
870 4189 1145 4273 exafiee
1195 4186 1651 4271 consentiat.
1714 4182 1807 4266 N
1812 4214 1903 4268 ec
1990 4216 2133 4270 ane
2170 4211 2430 4275 tantus
2450 4192 2564 4275 est
2604 4194 2739 4279 ille
2765 4253 2789 4292 ,
2849 4221 2941 4282 ut
2984 4206 3094 4287 in·-

392 4301 941 4401 altitudinibus
980 4301 1099 4383 his
1121 4363 1149 4404 ,
1204 4304 1377 4408 quo
1441 4298 1853 4382 ascendere
1906 4296 2136 4381 datur
2171 4362 2199 4403 ,
2254 4303 2600 4385 sensibile
2657 4308 3090 4397 discrimen-

391 4422 767 4513 inducere
804 4410 1045 4529 poffit
1064 4456 1093 4514 5
1150 4411 1589 4519 dummodo
1632 4406 1888 4491 solida
1922 4436 2270 4521 corpora,
2295 4414 2340 4497 ὲ
2377 4414 2703 4500 metallo
2725 4473 2755 4519 ,
2811 4434 2976 4613 ‘lum‘
3011 4424 3090 4511 fi}

372 4580 381 4589 .
815 4584 825 4591 .
2849 4557 3096 4627 exuo--
