4517 5784
1068 630 1088 637 t
1130 571 1763 653 m-cmnoleviore
1786 563 2483 653 materia-constent
2509 622 2530 659 ‚
2589 564 2798 647 mole
2823 566 3379 675 grandiuscula
3419 566 3936 677 accipiantur.
4003 568 4158 657 Le*

1136 668 1404 784 322232‘2'
1468 684 1672 766 vitas
1716 682 1925 765 enim
1964 680 2304 762 materiae
2347 742 2374 783 ,
2445 678 2530 757 in
2574 677 2666 759 iis
2709 704 2891 785 quae
2936 677 3296 779 cadendo
3339 688 3588 761 aerem
3632 681 3893 763 secan-t
3925 742 3958 786 .‚
4038 686 4160 769 ita

1406 842 1416 847 -
1464 792 2008 907 magnitudine
2046 792 2402 902 corporis
2445 785 2847 899 pensatur,
2903 808 2995 869 nt
3039 786 3336 899 sphaera
3377 787 3687 903 lignea,
3745 792 3875 875 vel
3909 795 4160 881 etiam

1472 908 1520 987 ὲ
1564 906 1828 991 subere
1871 900 2201 985 formata
2225 966 2251 1004 ‚
2308 906 2522 1011 paria
2561 896 2798 981 faciat
2819 926 3020 981 cum
3057 899 3428 1011 plumbea
3467 931 3486 981 ε
3551 902 3884 1010 quando
3923 908 4157 990 nimi.

1466 1045 1649 1119 rum
1710 1017 2087 1103 diameter
2146 1014 2418 1095 harum
2481 1010 2582 1090 ad
2629 1009 3019 1117 plumbeae
3056 1012 3530 1095 diametrum
3559 1036 3740 1096 eam
3765 1018 4156 1102 rationem

1478 1128 1833 1211 habuerit
1876 1134 1937 1222 ,’
1982 1152 2221 1233 quam
2277 1123 2638 1233 gravitas·
2675 1121 2986 1233 plumbi
3025 1126 3344 1235 propria
3380 1123 3486 1207 ad
3521 1123 3726 1235 ligni
3764 1126 4158 1215 suberisve

1466 1241 1968 1349 gravitatem.
2064 1238 2307 1317 Tunc
2347 1236 2556 1315 enim
2597 1233 3018 1345 gravitates
3057 1232 3528 1345 sphaerarum
3568 1235 3798 1319 erunt
3833 1239 4046 1323 inter
4077 1242 4157 1325 se

1476 1348 1679 1431 ficut
1714 1376 1976 1431 earum
2022 1342 2490 1457 superficies.
2617 1347 3152 1431 Veruntamen
3176 1402 3204 1443 ,
3259 1366 3350 1426 ut
3389 1348 3676 1457 aequali
3705 1348 4152 1459 celeritate,

1475 1482 1865 1569 quantum
1902 1456 2116 1541 sensu
2162 1454 2468 1567 percipi
2499 1454 2806 1566 potest,
2863 1454 3240 1539 decidant
3297 1484 3674 1569 corpora,
3733 1487 3915 1570 quae
3952 1464 4158 1547 mul.

1483 1591 1657 1652 tum
1703 1566 2113 1652 intrinseca
2150 1567 2534 1679 gravitate
2569 1568 2946 1651 differunt
2985 1620 3014 1664 ,
3087 1594 3596 1677 nequaquam
3650 1600 3856 1683 opus
3909 1571 4030 1655 est
4067 1599 4153 1660 ut

1476 1682 1905 1793 proportio
1936 1680 2077 1760 -illa
2114 1680 2674 1761 diametrorum
2717 1678 3080 1761 servetur.
3208 1678 3537 1766 Possunt
3587 1683 3800 1765 enim
3837 1684 4042 1769 inter
4079 1686 4152 1771 se

1454 1792 1825 1901 .aequalia
1877 1790 2026 1874 effe
2066 1853 2094 1894 ,
2168 1789 2608 1873 dummodo
2645 1788 2984 1899 utraque
3025 1788 3208 1903 satis⁵
3247 1817 3527 1903 magna
3565 1790 3716 1876 slnt
3750 1842 3778 1895 3
3858 1817 3992 1879 aut
4049 1826 4149 1881 ex

1490 1930 1651 1984 non
1698 1904 1931 1984 nimia
1984 1900 2400 1985 altitudine
2458 1900 2856 1983 decidant.
2971 1898 3310 1985 Etenim
3369 1902 3576 1986 illud
3633 1932 3964 2018 quoque
4023 1907 4150 1993 hic

1483 2014 2268 2099 animadvertendum
2314 2009 2436 2093 est
2475 2072 2502 2116 ,
2593 2020 2896 2093 tantam
2951 2010 3086 2094 vel
3135 2011 3630 2097 altitudinem
3683 2016 3836 2100 ess'e
3889 2019 4105 2129 poffe
4125 2062 4152 2118 μ

1484 2124 1662 2221 vel,
1742 2127 1825 2207 in
1863 2125 2239 2208 mediocri
2277 2121 2514 2207 etiam
2547 2122 2964 2205 altitudine
3002 2178 3030 2219 ,
3103 2142 3400 2205 tantam
3439 2128 3772 2237 projecti
3799 2132 4151 2242 corporis

1484 2234 1893 2319 levitatem
1937 2282 1962 2334 3
2036 2258 2127 2316 ut
2166 2236 2272 2317 ob
2305 2237 2498 2315 aeris
2537 2235 3032 2317 renitentiam
3069 2298 3098 2337 ,
3171 2234 3631 2320 acceleratio
3667 2264 3934 2325 motus
3984 2262 4150 2324 tan-

1487 2346 1671 2427 dem
1732 2348 1833 2429 ab
1890 2346 2023 2428 illa
2056 2408 2087 2449 ,
2166 2360 2406 2455 qu‘am
2440 2345 2524 2425 in
2564 2343 3092 2453 superioribus
3129 2344 3822 2435 demonstravimus
3861 2414 3890 2455 ‚
4033 2382 4156 2436 ro-

1485 2457 1863 2565 portione
1919 2457 2350 2569 plurimum
2411 2452 2782 2539 recessura
2834 2453 2952 2538 sit.
3063 2456 3448 2565 Namque
3521 2462 3598 2542 in
3649 2460 3932 2544 univer
3969 2490 4152 2560 um,

1474 2571 1807 2679 corpori
1840 2568 2206 2671 cuilibet,
2246 2593 2386 2678 per
2421 2568 2675 2649 aerem
2711 2564 3029 2651 aliudve
3066 2564 3462 2675 liquidum
3499 2570 3838 2677 labenti,
3892 2594 4144 2660 certus

1480 2679 1906 2761 celeritatis
1946 2680 2229 2761 modus
2270 2742 2296 2781 ‚
2371 2703 2521 2787 pro
2579 2678 2876 2760 ratione
2929 2677 3306 2787 ponderis
3343 2708 3433 2761 ac
3477 2680 3915 2795 superficiei
3949 2686 4146 2793 suae,

1488 2786 1961 2873 constitutus
1997 2786 2154 2888 est;
2213 2815 2454 2897 quem
2489 2786 2914 2893 excedere,
2979 2808 3118 2871 aut
3152 2789 3418 2897 potius
3453 2795 3560 2876 ad
3596 2820 3834 2905 quem
3873 2823 4149 2905 perve-

1337 2900 1366 2909 “
1490 2902 1655 2981 nire
1697 2928 2103 3009 nunquam
2140 2897 2402 3007 poffit.
2513 2901 2721 3009 Qae
2759 2925 3040 3007 nempe
3071 2898 3418 2985 celeritas
3455 2933 3546 2989 ea
3579 2904 3695 2989 est
3733 2970 3761 3012 ,
3817 2935 4056 3018 quam
4091 2907 4149 2992 si

1484 3020 1660 3111 aer,
1700 3033 1838 3093 aut
1879 3012 2146 3117 liquor
2180 3008 2317 3092 ille
2353 3006 2642 3093 sursum
2675 3011 3006 3094 tendens
3026 3074 3053 3115 ,
3085 3004 3402 3096 haberet
3420 3077 3449 3120 ,
3489 3016 3940 3129 suspensum
3975 3047 4148 3101 cor-

1484 3148 1635 3228 pus
1678 3122 1885 3205 idem
1928 3122 2062 3205 fibi
2102 3125 2455 3204 innatans
2495 3118 2858 3204 sustinere
2895 3120 3172 3233 posset.
3265 3126 3572 3215 Verum
3611 3131 3716 3217 de
3751 3130 3872 3221 his
3895 3188 3925 3235 ,
3963 3131 4144 3217 alias

1490 3230 1807 3317 fortasse
1823 3298 1856 3342 ,
1890 3234 2244 3343 pluribus
2284 3233 2572 3347 agendi
2609 3231 2919 3319 occasio
2951 3236 3130 3351 erit.-
3179 3338 3188 3347 ,
3567 3240 3570 3245 ’
3661 3244 3668 3251 ’
3705 3241 3714 3247 ’
