4517 5784
1453 425 1608 532 ,ἃς
1803 410 2094 499 ‚DE
2207 403 2933 513 CENTRO
3054 403 3817 499 οεοῐωῃΗ

1439 547 1633 662 logio
1672 541 2146 656 Oscillatorio
2184 537 2707 650 inscripserat,
2770 535 3089 620 adortus
3128 535 3288 644 est,
3346 537 3685 630 formata
3716 566 4004 638 contra
4034 556 4127 644 il..

1371 740 1376 743 .
1451 663 1612 744 lam
1643 647 2150 768 ‘objeffione5
2222 640 2332 732 in'
2364 677 2525 760 qua
2582 653 2771 762 quia
2828 651 3436 736 mentem.suam
3495 657 3750 740 minus
3788 655 4129 762 feliciter

1445 771 1870 884 -expressit,
1925 765 2180 850 ansam
2215 761 2443 872 dedit
2481 759 2605 844 isti
2641 760 3236 866 controverfiae,
3294 790 3485 886 quae·
3514 765 3929 884 hucusque
3966 777 4126 872 fere

1455 887 1660 966 inter
1701 881 1882 964 illos
1920 877 2204 990 viguit.
2325 872 2625 958 Verum
2662 873 2989 984 quidem
3030 869 3141 956 est
3163 931 3190 973 ,
3244 905 3427 960 eum
3460 879 3697 964 mitio
3740 887 3841 974 A.
3890 899 4122 984 1682„

1457 994 1880 1104 objestioni
1914 988 2094 1094 suae,
2133 986 2423 1070 additis
2463 985 2733 1098 paucis
2772 984 3029 1094 linei5‚
3062 987 3569 1100 variationem
3588 999 3987 1104 quandam
4006 1009 4131 1094 in.

1449 1099 1812 1204 duxifl‘e3
1868 1101 2006 1186 sed
2047 1096 2425 1210 quoniam
2465 1102 2630 1207 ejus
2672 1118 2925 1209 partes
2972 1097 3146 1200 satis
3186 1095 3445 1182 adhuc
3490 1105 3689 1188 male
3729 1113 4133 1206 cohaeren.

1457 1241 1574 1301 tes
1611 1216 1986 1326 reliquit,
2041 1239 2208 1294 eam
2245 1212 2327 1290 in
2368 1230 2631 1290 mente
2676 1207 3025 1292 Lefikbris
3068 1205 3183 1292 sui
3220 1213 3603 1300 excitavit
3638 1224 4129 1342 opinionem,

1327 1321 1334 1328 ’
1453 1329 1678 1438 quafi
1717 1321 2152 1438 persuasum
2187 1321 2503 1403 haberet
2527 1384 2554 1425 ,
2608 1317 2931 1404 summas
2946 1319 3453 1410 altitudinum
3472 1389 3501 1431 ‚
3554 1358 3599 1411 e
3622 1335 3909 1440 quibus
3930 1367 4127 1451 pon.

1450 1445 1644 1524 deta
1681 1436 2008 1545 ali-cujus
2049 1431 2379 1544 penduli
2410 1431 2745 1543 junstim
2779 1429 3263 1518 descendunt
3305 1489 3331 1532 ,
3400 1447 3491 1521 &
3538 1440 3639 1522 ad
3678 1471 3877 1552 quas
3918 1454 4129 1562 post.

1457 1550 1788 1634 modum
1829 1547 2236 1656 separatim
2276 1542 2752 1647 ascendunt,
2809 1546 3229 1654 inaequales
3266 1545 3417 1631 effe
3452 1551 3732 1638 debere
3770 1558 3977 1645 hanc
4015 1565 4133 1650 so.

1459 1661 1617 1744 lam
1651 1655 1764 1742 ob
1796 1657 2108 1739 causam
2146 1713 2178 1760 ,
2255 1658 2484 1764 quod
2533 1659 2821 1766 priores
2872 1653 3321 1766 altitudines
3350 1656 3519 1774 stnt
3542 1673 4130 1778 proportionales

1303 1769 1318 1798 '⁴
1445 1771 1621 1884 ipsis
1653 1767 2064 1880 'ponderum
2101 1761 2611 1850 celerantibus
2650 1823 2679 1864 ,
2749 1767 3393 1878 posterioresvero
3432 1800 3579 1856 non
3610 1779 3761 1888 mfi
3786 1787 4133 1896 quadra.

1455 1891 1558 1966 tis
1593 1883 1908 1992 istorum
1953 1875 2449 1985 celeritatum.
2560 1882 2827 1990 Qare
2862 1880 3097 1965 etiam
3136 1882 3559 1996 Hugenius
3592 1943 3620 1986 ,
3690 1893 3779 1976 id
3816 1900 4128 1990 unicum

1453 1993 1849 2078 Catelano
1891 1989 2339 2102 scrupulum
2377 2018 2691 2090 movere
2726 2011 2933 2074 ratus
2956 2055 3003 2096 ,.
3037 1993 3503 2104 respondere
3538 2000 3955 2116 abstinuit,
4008 2043 4133 2100 us-

1453 2133 1621 2215 que
1661 2108 1744 2188 in
1780 2102 2110 2186 mensem
2144 2102 2475 2212 Junium
2500 2157 2527 2199 ,
2590 2129 2757 2210 quo
2798 2103 3114 2187 tandem
3154 2105 3541 2190 calamum
3578 2115 3909 2226 arripuit
3942 2177 3968 2218 ‚
4043 2156 4131 2212 ac

1447 2216 1832 2325 exemplo
1871 2215 2213 2296 duorum
2251 2219 2752 2295 numerorum
2793 2237 2835 2318 5
2886 2222 2967 2297 δε
3012 2241 3139 2312 10,
3176 2217 3679 2332 duorumque
3712 2228 4044 2340 aliorum
4082 2265 4125 2346 3

1440 2337 1544 2428 §c
1593 2354 1686 2408 12
1726 2324 2058 2408 breviter
2094 2321 2549 2405 monstravit
2567 2385 2600 2426 ‚³
2656 2321 2828 2406 fieri
2872 2326 3157 2436 utique
3194 2327 3454 2437 poss'e,
3511 2356 3599 2415 ut
3640 2337 3838 2420 binae
3878 2370 4133 2450 quan..

1455 2440 1724 2536 titates
1763 2436 2086 2518 eandem
2120 2461 2307 2514 cum
2346 2433 2546 2516 binis
2564 2433 2735 2516 aliis
2756 2433 3184 2519 conficiant
3204 2438 3569 2526 summam
3590 2505 3619 2548 ,
3664 2449 3963 2534 etiamsi
4008 2458 4133 2544 di.

1463 2548 1764 2630 versam
1823 2548 1920 2628 ab
1977 2545 2132 2626 illis
2187 2545 2565 2626 rationem
2625 2543 2963 2629 habeant
3000 2603 3029 2652 -,
3122 2577 3379 2662 neque
3418 2571 3591 2634 tum
3624 2565 4003 2670 temporis
4042 2569 4127 2652 in

1451 2658 1790 2740 dubium
1829 2656 2228 2742 revocavit
2272 2664 2539 2762 πςῶπν
2580 2653 2949 2738 Catelani
2987 2661 3282 2767 4⁶38&
3379 2665 3545 2748 uod
3582 2689 3839 2754 tamen
3864 2674 3945 2757 in
3966 2681 4125 2788 pri·

1453 2795 1580 2850 ma
1633 2772 1792 2877 jam
1838 2765 2302 2850 ob‘estionis
2366 2765 2517 2846 suae
2570 2765 3063 2875 impoessione
3099 2797 3225 2854 ma
3290 2774 3304 2790 ⁶
3344 2772 3501 2858 este
3542 2777 3721 2864 satis
3760 2789 4133 2895 prodide-

1460 2899 1580 2961 rat
1605 2941 1632 2982 ,
1685 2879 1882 2962 dum
1953 2874 2370 2988 apposuit:
2430 2873 2863 2961 Pendulum
2905 2885 2997 2962 'ex
3040 2877 3325 2964 duobus
3352 2886 3803 3000 ponderibus
3838 2921 4123 3014 compo..

1433 2987 1732 3096 stium,
1789 2988 2108 3070 eandem·
2128 2990 2520 3099 acquirere
2556 2985 3063 3097 celeritatem,
3118 3013 3497 3106 quantam
3530 3009 4121 3120 acquiratsum.

1453 3127 1580 3181 ma
1611 3097 2108 3212 pendulorum
2122 3093 2578 3210 stmplicium
2604 3127 2639 3190 ;
2693 3101 2785 3184 id
2821 3125 3016 3190 vero
3053 3103 3259 3189 ficco
3294 3111 3503 3222 pede
3544 3121 3919 3226 praeteriit
3938 3123 4119 3209 Hu-

1355 3225 1360 3232 ’
1449 3207 1770 3323 3εηίυῇ
1805 3211 1958 3296 ,vel
1999 3210 2238 3323 quod¹
2268 3237 2425 3291 non
2468 3213 2885 3326 penetrarit
2924 3211 3226 3322 statim,
3266 3223 3375 3302 ob
3416 3225 3715 3312 nullam
3754 3235 4115 3342 periodo..

1454 3351 1640 3422 rum¹
1665 3323 2238 3404 connexionem
2281 3385 2307 3424 ‚
2384 3319 2754 3432 quorsum
2804 3323 2998 3408 falsa
3055 3323 3196 3408 ista
3258 3333 3625 3418 Catelani
3683 3339 4117 3456 suppofitjo
4206 3397 4225 3406 -

1459 3433 1811 3516 tenderet
1850 3489 1875 3529 ‚
1952 3434 2084 3516 vel
2128 3435 2395 3542 potius
2439 3436 2670 3542 quod
2708 3435 2829 3519 illi
2862 3465 3011 3520 ceu
3051 3439 3451 3528 verisimili
3480 3447 3915 3542 admodum
3952 3479 4117 3544 tum

1449 3542 1480 3622 i
1545 3541 1779 3625 semet
1817 3541 2431 3654 adstipularetur.
2490 3544 2913 3632 Catelanus
2951 3549 3241 3636 interea
3279 3554 3763 3668 Hugen-iano
3800 3567 4117 3678 respon—

1449 3571 1537 3734 {g
1577 3678 1734 3736 non
1769 3675 2186 3737 contentus
2233 3718 2258 3758 ,
2329 3659 2645 3767 excepit
2691 3685 2789 3740 20
2828 3658 3031 3772 Julii
3076 3663 3311 3768 1682,
3350 3694 3440 3748 ac
3482 3673 3831 3760 terminis
3867 3679 4119 3788 Alge-

1449 3763 1724 3848 braicis
1767 3765 1924 3848 rem
1954 3767 2347 3880 aggressus
2387 3761 2545 3870 est,
2600 3770 2876 3853 eodem
2918 3773 3233 3856 innixus
3270 3773 3821 3868 fundamento:
3886 3789 4125 3897 Qod

1453 3873 1714 3957 totalis
1751 3873 2085 3959 celeritas
2133 3871 2443 3990 penduli
2500 3880 2865 3994 compositi
2915 3902 3163 3994 aequet
3192 3886 3587 3996 summam
3640 3888 4121 3986 celeritatum

1441 3990 1788 4097 partium
1827 3985 1986 4089 ejus
2015 3985 2574 4102 separatarum.
2674 3998 2870 4102 Qo
2904 3993 3116 4078 fasto
3169 4003 3690 4089 controversia
3726 4005 3880 4091 ista-
3910 4012 4113 4100 ultra

1333 4123 1340 4128 ·
1443 4124 1740 4207 annum
1775 4094 2029 4209 sopita
2053 4102 2324 4208 jacuit.
2388 4099 2537 4179 Me
2576 4107 2808 4208 quod
2852 4105 3287 4216 spestabat',
3344 4115 3477 4196 cui
3514 4113 3877 4229 Hugenii
3912 4123 4111 4212 liber

1443 4224 1624 4294 tum
1656 4207 2012 4293 nondum
2055 4209 2269 4292 visus
2294 4271 2318 4313 ‚
2377 4211 2663 4294 nedum
2700 4209 2945 4297 leEtus
2984 4215 3285 4326 fuerat,
3346 4225 3671 4340 scopum
3688 4229 3926 4318 alium
3946 4264 4111 4322 non

1439 4317 1859 4418 habebam,
1909 4344 2158 4434 quam
2193 4319 2571 4408 illustrare
2608 4328 2791 4434 ejus
2818 4318 3389 4438 oesponfionem
3430 4391 3457 4442 ,
3532 4357 3867 4454 remque
3916 4373 4109 4432 exa.-

1437 4436 1736 4521 uu‘nate
1755 4497 1784 4544 ‚
1837 4435 2180 4546 qualiter
2215 4436 2313 4521 ab
2342 4435 2515 4548 ipso
2552 4441 3035 4549 examinata,
3075 4458 3313 4558 atque
3350 4450 3451 4542 in.
3472 4451 3703 4540 Astis
3738 4457 4116 4653 reeetgita

1455 4575 1470 4622 t
3976 4593 4109 4657 ue.
