4517 5784
1380 398 1535 505 1³02
1853 374 2819 500 'C-HRISTIANI
2930 405 3585 501 HUGENn

1035 578 1134 624 ‘m
1165 582 1361 619 mu-
1382 580 1504 635 vae
1547 546 2036 663 parabolicae.
2132 548 2322 651 Qua
2342 568 2696 658 utraque
2736 546 3057 629 inventa
3080 601 3108 643 ,
3160 545 3489 633 ulterius
3524 549 3711 635 inde
3759 544 4073 637 investi-

946 684 956 690 ·
1052 645 1326 747 ἲΪξύῗ““
1385 690 1574 773 gans
1596 726 1623 764 ,
1682 663 1760 743 in
1781 660 1969 743 alias
2005 657 2184 743 istas
2207 688 2318 743 ‘cu
2331 687 2507 743 rvas
2550 656 3095 769 paraboloides
3131 658 3458 767 incidit,
3512 663 3797 774 quibus
3835 664 4068 748 κᾶε

1041 772 1356 874 ἷζῗυω·
1388 773 1725 884 :equales
1768 771 2120 857 absolute
2159 774 2693 855 inveniuntur.

1499 893 1621 971 Ac
1661 886 1762 967 de
1795 885 2200 969 Gonoidis
2239 886 2571 995 quidem
2614 882 3027 995 superficie
3062 886 3146 967 in
3184 884 3505 998 planum
3542 888 3894 992 redadlm,
3964 919 4070 975 -ne

1387 1001 1567 1109 quis
1613 997 1818 1081 forte
1859 998 2389 1081 testimonium
2430 995 2814 1080 desideret
2851 1062 2876 1102 ,
2952 1026 3201 1108 pauca
3250 998 3420 1082 haec
3480 998 3907 1082 adscribere
3942 1004 4067 1083 vi·-

1382 1114 1555 1193 ›sum
1589 1108 1700 1193 est
1735 1139 1840 1193 ex
1887 1110 2130 1192 literis
2173 1110 2322 1190 viri
2362 1105 2763 1191 clariffimi
2805 1173 2833 1214 ,
2912 1133 3153 1219 atque
3190 1112 3395 1193 inter
3436 1112 3880 1223 praecipuos
3921 1112 4067 1195 ho·

1383 1226 1517 1305 die
1557 1225 2019 1306 Geometras
2068 1220 2478 1324 censendi,
2535 1218 2815 1303 Franc.
2857 1220 3134 1324 Slufii,
3190 1223 3485 1332 quibus.
3513 1252 3611 1306 eo
3647 1220 3826 1332 ipso
3864 1252 4072 1308 anno

1381 1334 1586 1417 mihi
1625 1338 2034 1417 inventum
2074 1332 2277 1415 illud
2316 1386 2343 1429 ,
2420 1361 2509 1414 ac
2572 1333 2959 1441 prolixius
3018 1330 3220 1414 forte
3280 1361 3515 1443 quam
3555 1362 3704 1445 pro
3742 1338 4067 1436 merito,

1381 1446 1828 1557 gratulatus
1871 1444 2004 1527 est.
2091 1446 2182 1526 In
2224 1445 2509 1556 quibus
2552 1444 2787 1527 literis
2836 1474 2957 1551 24.
3012 1446 3609 1551 Decemb.anni
3658 1451 3797 1556 165
3818 1471 3887 1555 7.
3931 1449 4063 1533 da-

1381 1560 1540 1663 tis,
1597 1556 1739 1639 ista
1779 1558 2182 1641 habentur.
2268 1555 2453 1639 Duo
2492 1574 2801 1639 tantum
2842 1554 3085 1661 addo,
3150 1580 3385 1638 unum
3427 1566 3583 1642 ὅτε.
3700 1558 4071 1643 Alterum

1387 1669 1485 1783 est
1510 1734 1534 1775 ‚
1593 1696 1706 1751 me
1739 1668 1880 1751 has
1933 1694 2180 1753 omnes
2211 1692 2507 1753 curvas
2543 1724 2568 1765 ,
2626 1666 3008 1781 ipsumque
3049 1669 3232 1750 adeo
3272 1666 3509 1753 locum
3551 1668 3908 1753 linearem
3946 1675 4065 1753 in-

1389 1802 1689 1893 tegrum
1716 1839 1743 1879 ,
1821 1779 2041 1864 nihili
2076 1775 2252 1895 pen'e
2276 1778 2543 1892 facere
2570 1800 2731 1891 prae
2768 1786 3083 1863 invento
3122 1779 3257 1863 hoc
3294 1799 3424 1863 tuo
3464 1836 3488 1878 ,
3566 1808 3712 1895 quo
3734 1782 4063 1895 superfi-

1391 1902 1531 1979 ciei
1564 1903 1646 1979 in
1685 1894 1978 1977 conoide
2011 1892 2433 2005 parabolico
2474 1897 2850 1975 rationem
2884 1892 2986 1975 ad
3027 1890 3391 1976 circulum
3422 1892 3601 2085 {aa
3658 1893 3902 2005 baseos
3940 1896 4077 2005 de-⁹

1395 2008 1838 2116 monstrasti.
1955 2007 2208 2093 -Hanc
2237 2030 2375 2121 pro
2417 2001 2681 2089 circuli
2718 2004 3211 2117 quadratura
3252 2002 3419 2117 pulc
3478 2012 3840 2088 errimam
3880 2011 4065 2093 ἀπα·-

1261 2204 1276 2210 ,
1392 2116 1612 2219 'rami'
1648 2118 1966 2232 praefero
2012 2117 2238 2203 libens
2280 2124 2373 2203 iis
2412 2114 2787 2207 omnibus,
2864 2130 3185 2231 quas‘ex
3226 2116 3372 2199 loco
3412 2114 3684 2201 lineari
3717 2144 3845 2201 nec
3875 2139 4061 2230 pau·
4175 2204 4191 2209 ,

1384 2257 1520 2311 τας
1559 2232 1732 2315 olim
1774 2232 2101 2326 deduxi,
2169 2233 2269 2326 ὠν
2312 2248 2782 2344 qua-sucum
2811 2285 2838 2327 ‚
2896 2228 2985 2337 st
3030 2228 3486 2343 itajufflris
3525 2286 3551 2327 ,
3628 2230 3821 2314 data
3858 2257 4063 2314 occa-

1372 2350 1580 2449 Jzone
1619 2346 2188 2429 communicabo,

1503 2462 1744 2541 Anno
1781 2453 2525 2565 autem=insequenti
2563 2452 2799 2536 etiam
2842 2448 3287 2563 superficies
3325 2454 3757 2539 conoidum
3775 2453 4057 2568 hyper—

1371 2570 1830 2653 'bolicorum
1873 2566 2529 2679 &gsphaeroidum
2572 2566 2824 2675 reperi
2862 2629 2887 2670 ,
2966 2568 3379 2675 quomodo
3432 2569 3535 2650 ad
3573 2568 3905 2667 circulos
3943 2595 4059 2651 re-

1389 2681 1582 2761 duci
1622 2680 1974 2790 ponent,
2029 2677 2827 2787 constru&ionesque
2868 2706 3138 2759 eorum
3180 2677 3747 2785 problematum
3794 2742 3820 2784 ,
3896 2706 4057 2761 non

1377 2790 1666 2871 -addita
1716 2814 1970 2873 tamen
1985 2786 2681 2874 ·demonstratione
2718 2852 2745 2893 ,
2836 2790 3273 2873 Geometris
3334 2791 3807 2900 quibuscum
3865 2812 4057 2874 tunc

1388 2896 1786 2985 literarum
1814 2902 2381 2984 commercium
2422 2900 2795 2981 habebam
2822 2965 2861 3005 ‚,
2949 2904 3033 2983 in
3093 2898 3360 2991 Gallia
3401 2900 3810 2984 Paschalio
3842 2899 4052 2985 aliis-

1391 3040 1598 3123 que,
1655 3015 1734 3095 in
1778 3013 2074 3122 Anglia
2121 3010 2485 3105 Wallifio
2514 3012 2868 3123 impertii
2903 3076 2930 3116 ,
3005 3015 3145 3123 qui
3206 3038 3361 3094 non
3400 3013 3661 3096 multo
3700 3010 3879 3124 post
3918 3013 4051 3097 sua

1390 3150 1727 3233 quoque
1767 3124 2000 3235 super
2035 3125 2167 3207 his
2207 3148 2244 3223 ‚·
2324 3150 2484 3207 una
2518 3151 2699 3207 cum
2738 3124 2906 3205 aliis
2950 3124 3221 3207 multis
3262 3124 3671 3207 subtilibus
3714 3127 4049 3209 inventis

1388 3234 1473 3313 in
1525 3234 1780 3317 lucem
1820 3235 2074 3317 edidit
2099 3300 2125 3341 ‚
2203 3234 2557 3349 fecitque
2594 3256 2687 3317 ut
2728 3230 3005 3317 nostris
3047 3232 3833 3318 demonstrationibus
3874 3263 4047 3347 pet-

1387 3342 1755 3428 ficiendis
1795 3346 2390 3459 supersederem.
2470 3346 2876 3453 Quoniam
2921 3373 3113 3451 vero
3156 3372 3315 3426 non
3353 3346 3829 3461 inelegantes
3871 3346 4049 3432 visae

1385 3452 1568 3539 sunt
1624 3456 2238 3542 construstiones
2302 3455 2579 3541 nostrae
2623 3520 2648 3560 ,
2720 3484 2975 3571 neque
3028 3455 3291 3539 adhuc
3346 3460 3665 3569 publice
3724 3478 4049 3564 extant,

1382 3564 1652 3677 placet
1691 3572 1846 3654 hoc
1885 3571 2065 3653 loco
2103 3568 2277 3652 illas
2302 3568 2770 3659 adscribere.

1485 3778 1936 3885 ·-Conoidis
1968 3772 2483 3917 parabolici
2527 3779 3068 3919 fitperficiei
3109 3783 3421 3887 c'urvae
3470 3782 3911 3887 circulum

1699 3910 1720 3931 ⁸
2112 3919 2553 4053 aqualem
2598 3923 3053 4023 invenire.
3332 3932 3355 3979 ⁸
3705 3978 3713 3990 =

939 4184 961 4191 „
1035 4130 1189 4242 ἔζη.
1233 4133 1366 4183 xm.
1537 4103 1618 4186 It
1657 4103 1938 4191 datum
1969 4104 2349 4189 conoides
2390 4110 2613 4217 cujus
2647 4104 2895 4189 festio
2933 4136 3075 4219 per
3114 4102 3912 4218 axemparabolaAB
3942 4104 4049 4205 C,

1081 4208 1141 4257 ‘⁸‘
1171 4207 1221 4249 '³’
1534 4218 1702 4298 axis
1743 4221 1903 4327 ejus
1947 4216 2122 4301 BD
2147 4280 2171 4322 ,
2227 4238 2500 4303 vertex
2526 4220 2645 4323 B,
2700 4218 3077 4303 diameter
3094 4218 3283 4303 bafis
3308 4223 3381 4302 A
3406 4224 3483 4305 C
3509 4276 3534 4317 ‚
3590 4248 3767 4329 quae
3808 4217 3899 4301 fit
3916 4219 4047 4301 axi

790 4349 806 4355 ·
1381 4333 1449 4415 Β
1493 4330 1574 4411 Ι)
1615 4330 1716 4411 ad
1741 4329 2088 4445 angulos
2129 4331 2406 4415 reitos.
2462 4330 2569 4413 Et
2608 4354 2975 4442 oporteat
2999 4331 3450 4443 superficiei
3464 4331 3852 4445 portionis
3868 4358 4050 4473 cut:

1365 4470 1494 4529 vae
1531 4442 1884 4528 invenire
1917 4442 2298 4529 circulum
2335 4442 2743 4555 aequalem.
3731 4476 3819 4553 t<
4030 4474 4053 4545 :⁸

3856 4554 4051 4663 Proff

1259 3920 1278 3939 ο
1353 3942 1358 3949 ι
