4517 5784
1080 458 1257 561 DE
1352 464 1636 561 Usu
1730 460 2504 555 HoaoLoo.
2697 440 2706 449 ’
3029 502 3185 591 209

600 597 1089 717 Praescriptis
1126 629 1321 713 ergo
1368 598 1682 702 modiS‚
1734 597 1866 681 vel
1916 624 2057 713 per
2091 617 2356 679 ortum
2395 604 2478 681 &
2519 598 2882 684 occasum
2930 600 3170 711 Solis,

360 752 383 763 ·
472 713 610 797 'vel
633 744 771 826 per
791 715 1147 798 occasum
1185 723 1265 796 δε
1288 730 1553 795 ortum
1577 710 1813 812 Solis,
1854 709 1986 792 vel
2026 738 2169 822 per
2206 736 2249 791 2
2286 708 2624 818 aequales
2653 713 2864 796 Solis
2887 713 3158 799 altitu‘-

339 888 348 895 .
461 820 975 930 dines,‘tuto
1041 826 1341 935 semper
1388 825 1507 904 uti
1567 819 1965 930 poss‘umus
2013 884 2039 925 ,
2118 848 2282 902 non
2325 819 2694 905 'obstante
2751 829 3158 938 progressu

320 958 347 983 ·
471 938 844 1038 navium3
905 961 1466 1046 quemcunque
1506 931 1625 1013 hae
1672 952 1981 1013 teneant
2016 932 2348 1023 cursum.

586 1048 681 1129 Si
739 1069 1001 1131 autem
1063 1044 1343 1157 procul
1400 1043 1509 1125 ab'
1550 1040 2001 1154 AEquatore
2060 1034 2689 1154 Septentrionem
2731 1046 2862 1128 vel
2905 1050 3157 1135 Meri-

471 1157 689 1241 diem
731 1158 992 1247 versus
1029 1157 1396 1267 naviges,
1452 1152 1877 1261 praesertim
1915 1154 2195 1264 hyeme
2219 1217 2244 1256 ‚
2301 1154 2647 1238 altitudo
2687 1158 2893 1241 Solis
2937 1162 3149 1247 lente

456 1289 823 1353 mutamr
860 1332 886 1372 ‚
963 1268 1171 1351 unde
1221 1272 1537 1347 incertae
1596 1262 1775 1348 sunt
1830 1264 2460 1366 observationes3
2519 1266 2652 1348 sed
2697 1268 2794 1351 iis
2831 1270 2916 1351 in
2956 1272 3155 1357 locis

462 1379 763 1490 gradus
821 1378 1337 1491 longitudinis
1400 1375 1579 1458 sunt
1633 1376 2023 1460 breviores
2063 1432 2093 1475 ,
2172 1376 2308 1459 vel
2339 1376 2738 1487 'pauciora
2797 1382 3158 1467 milliaria

468 1490 881 1573 continent
923 1516 1161 1599 quam
1201 1514 1453 1600 prope
1495 1487 2027 1598 AEquatorem
2064 1545 2092 1585 ,
2190 1488 2538 1598 ideoque
2576 1516 2867 1576 errores
2907 1494 2990 1576 in
3035 1496 3154 1579 in·

472 1602 878 1685 venie-ndis
917 1599 1543 1711 longitudinibus
1570 1627 1679 1682 -eo
1716 1602 1973 1682 minus
2012 1595 2394 1681 sensibiles
2437 1596 2634 1683 sunt.

1626 1806 1927 1935 ax.

580 1988 823 2087 Potes
864 1986 1105 2099 vero,
1162 1997 1587 2113 praesertim
1627 1996 1713 2081 in
1750 1999 1841 2082 iis
1883 2000 2093 2107 oris,
2154 2026 2348 2195 ¹quae
2389 2002 2670 2117 procul
2710 2003 2806 2087 ab
2841 1994 3155 2117 AEqua-

462 2135 651 2197 tore
706 2116 1335 2225 Septentrionem
1394 2112 1527 2195 vel
1581 2108 1957 2215 Austrum
2016 2142 2153 2196 ver
2188 2143 2276 2198 us
2338 2138 2650 2199 remotae
2706 2117 2882 2199 sunt
2921 2174 2953 2215 ,
3029 2118 3162 2203 vel

460 2224 717 2307 ‘etiam
753 2228 1207 2335 ubicunque
1244 2222 1442 2305 velis
1485 2287 1513 2326 ‚
1592 2220 2121 2338 praescriptam
2154 2218 2504 2340 regulam
2545 2228 2647 2310 ad
2694 2230 3158 2339 praxinvo-

474 2346 700 2438 care,
750 2334 1238 2419 observando
1284 2361 1323 2415 2
1364 2334 1703 2442 aequales
1743 2333 2207 2419 altitudines
2238 2343 2580 2452 cognitae
2621 2338 2950 2448 alicujus
2987 2337 3164 2421 stel-

476 2442 575 2526 1ae
620 2500 647 2541 ‚
722 2472 907 2554 quae
946 2444 1282 2528 multum
1326 2443 1722 2527 attollitur
1758 2440 1987 2554 supra
2028 2446 2590 2532 Horizontem.
2714 2449 3165 2533 Naminde

466 2552 903 2637 'secundum
944 2574 1449 2637 memoratam
1491 2545 1839 2657 regulam
1861 2614 1888 2652 ,
1944 2552 2189 2633 disces
2226 2556 2392 2661 qua
2433 2557 2626 2638 hora
2666 2556 3164 2666 Horologio·

476 2692 660 2745 Tum
712 2666 795 2745 in
855 2664 1309 2747 Meridiano
1364 2652 1607 2743 fuerit
1662 2655 1879 2739 stella
1921 2723 1949 2766 ,
2026 2666 2109 2743 &
2175 2690 2414 2771 porro
2458 2669 2779 2777 cognita
2814 2666 3165 2773 ejusdem

482 2772 874 2883 ascensione
908 2775 1121 2861 reeta
1139 2840 1168 2881 ,
1221 2786 1313 2855 ut
1351 2780 1431 2855 ὃς
1470 2767 1862 2880 ascenstone
1900 2772 2112 2857 refz‘a
2157 2772 2365 2857 Solis
2403 2830 2430 2874 ,
2485 2774 2718 2860 facile
2755 2776 2942 2861 inde
2981 2775 3164 2887 sup·
3221 2796 3224 2798 ’

470 2887 791 2995 'putabis
854 2885 1123 2970 horam
1183 2882 1507 2965 solarem
1547 2944 1574 2985 ,
1648 2910 1807 2991 qua
1841 2888 2298 2992 comparati
2337 2916 2520 2971 cum
2558 2887 2759 2972 hora
2802 2888 3161 2970 Horolo-

478 2995 845 3107 giorum,
900 3019 989 3077 ut
1026 3015 1248 3098 ante,
1302 2992 1615 3076 habebis
1654 2991 2241 3106 longitudinem
2281 2994 2495 3104 loci,
2551 3000 2685 3082 ubi
2705 2994 3164 3083 fuististella

459 3103 853 3187 ‘existente
889 3104 975 3187 in
1021 3104 1491 3191 MeridianO.

591 3504 943 3619 Qando
985 3508 1438 3623 Horologia
1457 3573 1487 3614 ,
1520 3534 1863 3619 quorum
1898 3504 2386 3620 aliquamdiu
2426 3514 2685 3590 motus
2725 3503 2878 3590 fuit
2917 3524 3146 3594 accu-

454 3640 703 3703 -ratus
730 3686 757 3727 ,
788 3648 799 3658 ’
831 3625 927 3703 ab
960 3624 1299 3705 invicem
1339 3620 1747 3731 paululum
1782 3617 2164 3702 differunt
2202 3660 2229 3717 3
2323 3640 2564 3729 prout
2624 3620 3152 3703 diuturnitate

478 3734 859 3843 temporis
914 3730 1147 3814 facile
1186 3733 1477 3814 accidit
1520 3794 1545 3835 ,
1630 3754 1723 3813 ut
1778 3758 2023 3812 unum
2080 3729 2211 3812 vel
2271 3732 2598 3812 alterum
2654 3732 2962 3812 minuto
3001 3731 3154 3811 cir-

480 3845 671 3925 citer
710 3840 1037 3925 deficiat
1070 3898 1097 3938 ‚
1186 3870 1285 3923 eo
1343 3844 1423 3921 in
1480 3838 1657 3923 casu
1716 3842 2213 3948 computatio
2267 3839 2608 3919 ineunda
2664 3835 2776 3917 est
2830 3840 2982 3921 erit
3039 3837 3151 3921 se·

482 3954 833 4036 cundum
874 3952 1084 4035 istud
1126 3994 1155 4049 ·,
1232 3952 1459 4061 quod
1507 3949 1833 4032 celerius
1874 3968 2237 4029 movetur
2285 3976 2304 4028 :
2383 3946 2520 4027 nisi
2579 3949 2790 4030 noris
2848 3948 3157 4032 causam

425 4105 437 4125 =
484 4062 973 4147 verifimilem
1030 4064 1135 4145 ob
1175 4086 1413 4170 quam
1456 4061 1690 4143 citius
1727 4079 2135 4141 moveatur
2158 4104 2183 4157 3
2240 4055 2550 4140 facilius
2583 4058 2795 4141 enim
2837 4060 3156 4143 Pendu-

480 4172 543 4253 li
583 4192 841 4255 motus
880 4174 1357 4276 retardatur,
1397 4173 1637 4281 quam
1676 4169 2184 4254 acceleratur:
2244 4196 2420 4251 nam
2475 4167 2700 4251 filum
2725 4219 2751 4273 ·‚
2804 4172 3162 4255 cuiPen-

474 4280 767 4364 dulum
812 4286 1237 4395 appendet,
1276 4284 1565 4393 poterit
1602 4279 1866 4364 forsan
1915 4308 2053 4391 per
2088 4280 2517 4365 violentam
2563 4281 2780 4366 navis
2801 4281 3168 4391 agitatio·
3219 4300 3224 4303 ’

483 4418 659 4477 nem
688 4394 1059 4481 nonnihil
1080 4394 1412 4481 extendi
1435 4447 1461 4491 ,
1516 4393 1650 4476 sed
1690 4394 1967 4500 nequit
2006 4390 2396 4473 contrahi.

2001 4612 2162 4707 Dd
2273 4618 2292 4633 ’
2373 4730 2380 4740 Ὶ
2695 4542 3158 4729 XI.Quan-'
3254 4697 3298 4719 ,,
