4517 5784
1381 397 1596 563 34“
1873 443 2783 532 oHR1sT1AN1
2882 445 3539 540 HUGENII

1049 615 1098 664 n
1107 625 1285 660 aaaaaa
1389 587 1710 667 mineret
1731 638 1757 679 ‚
1814 580 2049 664 debet
2083 579 2291 661 enim
2333 570 2771 690 prominere
2813 581 3229 668 neceffario
3264 608 3353 671 ut
3390 585 3524 672 affi
3588 575 3879 704 ipoffit'
3898 590 4056 679 clap

1061 675 1326 788 '²¹:232‘
1395 699 1585 783 vula
1623 702 1676 784 S
1699 758 1726 799 ,
1785 721 1964 805 qua:
2006 689 2228 776 fimul
2264 717 2448 773 cum
2486 719 2587 774 eo
2622 689 3095 778 versationes
3131 693 3390 782 faciat.
3452 615 3591 784 Efi
3629 723 3892 788 autem
3926 705 4063 790 hic

1401 829 1660 892 motus
1738 806 2187 917 reciprocus
2233 867 2260 908 ,
2356 831 2564 886 nunc
2624 804 2707 886 in
2762 803 2963 888 hanc
3023 834 3234 890 nunc
3291 811 3379 892 in
3436 809 3647 897 illam
3766 837 4067 918 artem,

1405 949 1654 1031 quum
1691 920 1964 1003 dentes
2002 938 2194 1000 rota:
2235 915 2322 1000 K
2357 913 2801 1002 alternatim
2840 940 3257 1002 occurrant
3296 923 3649 1035 pinnulis
3783 926 3883 1033 L,
3923 955 4069 1012 no-

1403 1039 1487 1115 ta
1524 1030 1780 1224 vulgio
1815 1030 2115 1113 ratione
2151 1086 2178 1128 ,
2251 1055 2596 1140 quaeque
2634 1029 2970 1142 proinde
3006 1029 3498 1148 diligentiori
3532 1036 4077 1150 explicatione

1399 1173 1560 1228 non
1596 1172 1679 1226 ln
1741 1172 1765 1222 1
1826 1163 1931 1226 et.

1511 1257 1760 1340 Porro
1771 1169 2133 1338 gclavula
2190 1256 2242 1341 S
2290 1316 2319 1357 ‚
2393 1252 2553 1336 ima
2611 1252 2734 1336 sui
2789 1273 3009 1367 parte
3043 1254 3337 1341 reflexa
3371 1285 3463 1340 ac
3499 1254 3887 1346 foramine
3928 1265 4072 1348 ob-

1405 1369 1650 1482 longo
1685 1368 2110 1476 terebrata,
2221 1363 2507 1480 εηάιιΙί,
2534 1365 2656 1450 vir
2712 1393 2846 1480 am·
2872 1363 3195 1453 ferream
3236 1433 3263 1484 2
3349 1371 3483 1453 cui
3522 1370 3943 1483 plumbum
3978 1375 4073 1461 X

1359 1478 1732 1564 'affixum
1769 1477 1928 1584 est,
1983 1507 2166 1591 amp
2197 1477 2507 1562 effitur.
2728 1506 2843 1561 aec
2898 1473 3093 1564 vero
3126 1483 3347 1596 virga
3384 1479 3719 1594 superne
3754 1485 4073 1598 duplici

1397 1591 1545 1676 filo
1581 1592 1944 1706 suspensa
1975 1587 2090 1675 est
2126 1592 2333 1672 inter
2372 1589 2719 1702 geminas
2760 1587 3099 1673 lamellas
3135 1649 3166 1690 ‚
3239 1619 3577 1706 quarum
3614 1622 3769 1678 una
3808 1596 3895 1678 T
3935 1597 4078 1688 hic

1395 1724 1699 1788 tantum
1775 1703 2117 1786 cernitur
2157 1745 2183 1801 3
2286 1700 2554 1813 itaque
2610 1701 2931 1786 alteram
2988 1701 3324 1817 figuram
3370 1709 3611 1816 juxta
3662 1704 4076 1820 descripfi-

1065 1843 1204 1912 nn.
1233 1841 1296 1892 11.
1395 1843 1574 1900 mus
1616 1881 1643 1921 ,
1737 1843 1920 1926 quae
1996 1812 2409 1925 utriusque
2493 1813 2822 1897 formam
2884 1813 3351 1930 flexumque
3406 1820 3486 1900 &
3548 1836 3806 1902 totam
3863 1820 4073 1907 hane

1061 1903 1156 1967 ’Ψ
1192 1917 1237 1952 ²·
1393 1927 1916 2040 suspendendi
1971 1925 2303 2036 penduli
2358 1925 2739 2011 rationem
2787 1928 3281 2038 exprimeret.
3404 1929 3885 2038 Qanquam
3960 1933 4075 2017 de

1397 2067 1577 2122 vera
1633 2039 2090 2124 laminarum
2149 2033 2464 2121 istarum
2518 2058 2940 2122 curvatura
2978 2037 3339 2150 pluribus
3375 2038 3647 2153 postea
3676 2043 4071 2154 agendum

1391 2172 1562 2236 erit.

1501 2263 1596 2348 N
1600 2290 1753 2346 unc
1793 2281 2056 2345 autem
2093 2280 2186 2342 ut
2221 2259 2327 2342 de
2366 2277 2595 2341 motu
2634 2257 3035 2372 horologii
3070 2261 3423 2345 dicamus
3440 2319 3471 2361 ,
3526 2291 3708 2346 nam
3727 2265 4077 2377 reliquas

1383 2373 1662 2484 figurae
1707 2383 1963 2484 partes
2007 2367 2278 2482 postea
2312 2393 2797 2479 exequemur
2833 2422 2863 2464 ,
2934 2367 3170 2453 facile
3200 2371 3575 2477 equidem
3608 2401 3653 2455 a
3714 2399 3938 2484 paret
3978 2389 4067 2464 δε

1381 2489 1467 2568 vi
1505 2505 1850 2568 rotarum
1895 2541 1924 2581 ,
1994 2484 2039 2564 ὲ
2079 2481 2429 2594 pondere
2466 2477 2883 2562 tractatum
2925 2487 2985 2582 ,’
3026 2479 3576 2594 perpendiculi
3746 2482 3837 2569 X
3892 2513 4073 2572 mo-

1381 2618 1555 2678 tum
1599 2594 2042 2697 sustentari,
2101 2589 2281 2704 post
2340 2617 2522 2675 uam
2561 2590 2799 2676 semel
2835 2618 3071 2674 manu
3109 2591 3527 2676 incitatum
3568 2590 3806 2677 fuerit
3844 2643 3872 2698 3
3972 2609 4063 2686 δε

1383 2705 1618 2786 fimul
1731 2702 2224 2816 erpendiculi
2353 2721 2525 2783 atos
2584 2699 2932 2784 recursus
2986 2703 3178 2785 rotis
3216 2702 3595 2788 univerfis
3640 2762 3670 2804 ,
3742 2710 4064 2821 totique

1385 2817 1588 2898 adeo
1737 2813 2109 2924 orologio
2185 2811 2558 2895 movendi
2632 2812 2888 2922 legem
2964 2839 3481 2924 normamque
3534 2817 4059 2929 praescribere.

1387 2925 1731 3012 Clavula
1762 2928 1972 3011 enim
1993 2981 2024 3022 ,
2067 2923 2579 3034 quantumvis
2615 2923 2774 3007 levi
2812 2946 3160 3008 rotarum
3194 2924 3537 3035 impulsu
3576 2928 3749 3011 aeta
3788 2994 3816 3035 ‚
3892 2961 4059 3018 non

1387 3061 1696 3122 tantum
1729 3037 1910 3122 obse
1971 3038 2184 3119 uitur
2219 3035 2563 3118 trahenti
2600 3035 3179 3147 perpendiculo
3194 3100 3223 3141 ‚
3281 3037 3421 3120 sed
3452 3046 3537 3122 δε
3573 3038 3897 3153 singulis
3932 3071 4061 3127 re-

1383 3150 1725 3234 curfibus
1767 3177 1925 3258 pau
1965 3149 2170 3256 isper
2203 3150 2367 3252 ejus
2400 3167 2711 3228 motum
2750 3146 3071 3253 adjuvat
3103 3211 3132 3251 ,
3210 3166 3449 3254 atque
3476 3151 3589 3230 ita
3626 3177 4053 3258 perennem

1382 3261 1650 3342 reddit
1690 3314 1717 3356 ,
1794 3259 1942 3366 qui
1976 3257 2287 3364 alioqui
2322 3252 2458 3334 sua
2493 3253 2772 3366 sponte
2809 3306 2834 3349 ,
2908 3256 3041 3337 vel
3100 3255 3362 3340 verius
3418 3257 3749 3340 occursu
3794 3267 3997 3346 aeris
4025 3321 4056 3366 ,

1380 3369 1759 3453 deficeret
1794 3365 2169 3479 paulatim
2194 3428 2222 3469 ‚
2278 3382 2803 3476 vergeretque
2840 3363 2943 3447 ad
2983 3369 3357 3474 quietem.
3458 3369 3765 3454 Rursus
3804 3400 3998 3458 vero
4016 3441 4053 3484 ,

1445 3509 1634 3563 uum
1682 3476 2074 3590 ejusmodi
2127 3475 2222 3557 fit
2280 3495 2556 3558 natura
2614 3474 2947 3584 penduli
2982 3494 3077 3558 ut
3114 3479 3402 3560 eodem
3438 3476 3743 3592 semper
3780 3502 4051 3574 tenore

1417 3613 1672 3675 eratur
1690 3655 1719 3696 ‚
1775 3615 2032 3700 neque
2064 3586 2164 3670 ab
2196 3615 2297 3670 eo
2334 3586 2497 3669 ulla
2533 3586 2835 3670 ratione
2872 3608 3404 3698 praeterquam
3442 3611 3747 3676 mutata
3785 3594 4049 3713 longi·

1378 3704 1656 3788 tudine
1691 3701 2079 3787 dimoveri
2123 3697 2405 3810 possit3·
2481 3701 2759 3811 utique
2800 3695 3211 3826 postquam
3261 3699 3475 3784 flexu
3520 3701 3997 3791 lamellarum
4014 3775 4047 3816 ,

1373 3817 1578 3898 inter
1615 3843 1812 3926 quas
1851 3810 2300 3925 suspensum
2340 3806 2452 3894 est
2471 3875 2498 3916 ,
2556 3809 3081 3923 aequahtatem
3116 3809 3336 3894 illam
3372 3814 3841 3924 consequuti
3882 3817 4042 3903 fui-

1371 3955 1596 4025 mus;
1655 3951 2154 4036 nequaquam
2196 3922 2684 4031 permittitur
2716 3940 2911 4006 rotae
2950 3921 3035 4006 K
3076 3987 3104 4027 ‚
3177 3943 3271 4006 ut
3310 3949 3517 4009 nunc
3560 3926 3790 4010 citius
3826 3953 4041 4020 nunc

1371 4039 1670 4123 tardius
1712 4037 2028 4119 incedat
2047 4099 2076 4140 ‚
2129 4032 2271 4116 etfi
2314 4033 2515 4145 saepe
2538 4097 2565 4139 ,
2623 4053 2714 4116 ut
2753 4032 2837 4114 in
2875 4033 3335 4228 vulgaribus
3375 4033 3812 4150 horologiis
3848 4102 3875 4146 ,
3948 4044 4039 4127 id

1362 4151 1616 4238 facere
1652 4167 1979 4233 conetur
2014 4191 2042 4247 ς
2126 4143 2262 4228 sed
2326 4143 2737 4230 necess‘ario
2786 4142 3011 4256 singu
3054 4147 3067 4162 ’
3128 4145 3409 4230 dentes
3435 4150 3595 4259 ejus
3633 4172 4036 4262 coguntur

1364 4260 1791 4376 aequalibus
1848 4255 2166 4342 tranfire
2201 4257 2730 4368 [temporibus.
2853 4256 3078 4340 Hinc
3119 4285 3312 4344 vero
3346 4257 3834 4344 manifestum
3870 4261 3986 4346 est
4003 4321 4035 4364 ,

1333 4382 1450 4458 δε
1515 4373 1993 4482 reliquarum
2047 4397 2228 4480 quae
2286 4369 2750 4484 praecedunt
2803 4386 3151 4456 rotarum
3186 4427 3217 4469 ‚
3290 4377 3372 4454 ὃς
3414 4370 3758 4480 denique
3786 4373 4027 4461 etiam

1354 4485 1715 4578 indicum
1749 4483 2172 4597 aequabiles
2211 4480 2753 4569 converfiones
2790 4477 3000 4568 effici
3034 4538 3064 4585 ,
3136 4509 3321 4569 cum
3371 4483 3639 4568 omnia
3687 4510 4029 4613 propor-

3872 4617 4025 4684 tlo-
