4517 5784
941 647 1186 706 Onon-

1199 407 1206 417 ’
1277 455 1436 578 26.
1802 378 2730 544 cH'RlsTIANI
2834 452 3495 548 HUGENII

1406 589 1596 710 Jam
1648 589 2079 708 postquam
2131 589 2439 677 utrovis
2496 589 2748 676 modo
2802 620 3077 678 eorum
3110 621 3316 713 quos
3353 596 3701 685 diximus
3734 595 3801 706 ζ’
3845 599 3982 688 sed

955 729 1082 765 ²1¹0
1122 715 1230 764 ΗΟ·
1293 714 1564 823 priore
1603 705 1873 820 potius
1894 749 1923 806 5
1980 729 2313 789 examen
2346 699 2793 790 institutum
2827 703 3070 790 fuerit
3086 763 3117 804 ,
3194 705 3253 789 fi
3288 709 3636 798 multum
3679 715 3986 799 aberra-

955 791 1213 835 umen·

956 1533 1102 1587 nn.
1134 1537 1199 1590 11.

1291 852 1381 907 re
1420 825 1466 907 ὲ
1505 821 1768 904 media
1803 820 2116 902 dierum
2159 817 2671 933 longitudine
2704 815 3215 933 horologium
3250 821 3679 934 reperiatur
3694 883 3723 926 ,
3769 828 3987 922 ,adeo

1298 956 1394 1021 ut
1447 931 1895 1020 differentia
1945 931 2158 1014 ultra
2191 932 2342 1014 tria
2376 949 2831 1042 quatuorve
2872 934 3129 1045 prima
3166 932 3539 1046 scrupula
3574 935 3939 1026 ascendat
3957 1004 3989 1049 ,

1296 1047 1732 1135 remedium
1747 1042 2248 1130 adhibebitur
2265 1043 2490 1128 austa
2512 1065 2650 1127 aut
2684 1043 3071 1130 diminuta
3091 1045 3233 1158 ipfi
3242 1073 3333 1132 us
3355 1048 3695 1162 penduli
3730 1048 3993 1165 longi-

1297 1163 1602 1248 tudine.
1728 1159 1904 1244 Ubi
1945 1156 2115 1241 haec
2153 1155 2495 1241 tenenda
2527 1153 2640 1238 est
2676 1157 2997 1272 regula,
3075 1174 3205 1242 tot
3240 1159 3625 1284 scrupulis
3664 1163 3935 1276 primis
3958 1231 3991 1275 ,

1300 1275 1404 1372 in,
1427 1272 1780 1385 fingulos
1817 1271 1988 1355 dies
2032 1335 2061 1377 ,
2135 1289 2443 1352 motum
2476 1267 2765 1354 horolo
2826 1272 2883 1353 ii
2924 1269 3436 1357 acceleratum
3472 1295 3608 1356 aut
3648 1277 3991 1362 retarda-

1305 1407 1482 1494 tum
1519 1387 1667 1484 iri,
1714 1404 1930 1497 quot
1980 1398 2057 1470 -222
2100 1384 2333 1466 unius
2372 1382 2597 1466 lineae
2770 1404 3086 1467 erentur
3126 1381 3487 1496 pendulo
3523 1407 3661 1492 aut
3693 1389 3993 1474 adden·-

1305 1521 1460 1584 tur.
1563 1499 1944 1609 Cumque
1975 1495 2086 1579 ad
2127 1521 2395 1579 veram
2417 1491 2867 1596 xmensuram
2904 1493 3061 1578 hoc
3107 1496 3346 1609 pafito
3374 1499 3834 1611 jamprope
3870 1529 3991 1588 re-
4042 1595 4047 1600 ‚

1298 1610 1628 1699 dustum
1665 1611 1814 1702 erit
1853 1672 1881 1715 ‚
1955 1608 2263 1719 reliqua
2299 1607 2688 1692 correffio
2724 1607 3335 1722 transpositione
3370 1611 3643 1722 exigui
3684 1612 4008 1725 ponde?

1291 1730 1397 1815 ris
1443 1741 1517 1813 Δ,
1563 1789 1592 1830 ,
1665 1722 1919 1838 virgae
1979 1721 2065 1813 V
2107 1721 2192 1808 V
2251 1717 2717 1806 adhaerentis
2757 1785 2786 1826 ,
2858 1723 3287 1804 commode
3324 1743 3761 1836 peragetur.
3884 1727 3991 1828 Id

1233 1867 1260 1898 ·-
1295 1833 1618 1951 pondus
1671 1835 1904 1919 lentis
1965 1829 2303 1917 formam
2355 1829 2591 1918 h‘abet
2630 1897 2658 1939 ,
2760 1835 2979 1942 eujus
3057 1831 3480 1918 sestionem
3552 1834 3989 1933 secundum

1291 1979 1528 2036 axem
1583 1949 1670 2030 in
1731 1945 1990 2060 figura
2055 1974 2120 2028 1.
2162 1945 2701 2059 expressimus.
2814 1945 2927 2028 Et
2969 1946 3160 2054 quia
3199 1968 3507 2030 tantum
3546 1948 3994 2034 vicefimam

1289 2061 1870 2148 tricefimamve
1885 2115 1916 2158 ,
1969 2077 2110 2142 aut
2145 2061 2385 2143 etiam
2428 2060 2815 2168 minorem
2857 2113 2886 2154 ‚
2960 2077 3265 2168 partem
3300 2081 3571 2170 aequat
3608 2060 3983 2170 ponderis

1297 2177 1389 2260 X
1431 2239 1458 2280 ,
1532 2172 1722 2257 hinc
1779 2171 1876 2255 fit
1930 2192 2024 2254 ut
2077 2170 2196 2254 sat
2253 2173 2560 2282 magnis
2616 2171 2889 2282 spatiis
2924 2171 2969 2251 ὲ
3007 2168 3274 2280 priore
3308 2169 3494 2253 loco
3530 2170 3938 2257 discedens
3957 2238 3991 2280 ‚

1292 2287 1508 2372 haud
1551 2284 1886 2368 multum
1926 2301 2195 2364 tamen
2231 2281 2785 2397 perpendiculi
2824 2301 3137 2362 motum
3154 2279 3446 2365 afficiat
3466 2340 3495 2380 ,
3551 2285 3985 2368 acceleran-

1295 2401 1408 2498 do
1439 2423 1751 2510 ¹nempe
1797 2393 2116 2506 quoties
2156 2389 2419 2476 versus
2461 2392 2796 2496 mediam
2830 2389 3083 2500 virgae
3125 2388 3710 2501 longitudinem
3745 2415 3984 2480 attra-

1285 2511 1506 2596 hitur
1537 2565 1566 2616 -‚
1646 2507 2127 2610 retardando
2181 2533 2369 2602 cum
2421 2503 2613 2596 inde
2668 2498 2965 2588 sursum
3006 2518 3143 2582 aut
3182 2495 3542 2591 deorsum
3582 2526 3982 2608 movetur.

1289 2624 1434 2708 Ne
1483 2651 1676 2709 vero
1731 2623 1876 2706 diu
1934 2617 2329 2732 pun&um
2364 2613 2571 2701 illud
2608 2611 3127 2727 quaerendum
3160 2607 3256 2694 fit’
3294 2637 3466 2723 quo
3507 2614 3981 2705 verissimam

1286 2735 1658 2820 daturum
1693 2733 1790 2817 fit
1826 2731 2136 2816 dierum
2173 2727 2607 2813 mensuram
2644 2786 2670 2820 ,
2750 2722 3157 2811 divifimus
3196 2744 3409 2809 certa
3446 2729 3749 2811 ratione
3786 2793 3815 2834 ‚
3870 2757 3977 2814 ex
4052 2743 4055 2746 ’

1290 2869 1559 2932 motus
1594 2845 1902 2960 legibus
1935 2846 2186 2956 petita
2207 2906 2235 2948 ,
2289 2839 2736 2924 inferiorem
2776 2839 3025 2954 yirgae
3060 2836 3565 2926 medietatem
3604 2895 3632 2937 ,
3713 2840 3977 2951 pofito

1287 2961 1663 3046 nimirum
1701 2958 2056 3074 pondere
2095 2971 2166 3037 Δ
2207 2975 2432 3066 parte
2471 2951 3121 3066 quinquagesima
3158 2949 3527 3078 ponderis
3572 2949 3659 3034 X
3680 3014 3708 3056 ,
3764 2956 3973 3063 pari-

939 3077 1095 3147 fn.
1123 3088 1193 3141 rr.
1281 3103 1448 3186 que
1481 3074 1875 3186 gravitate
1908 3067 2146 3180 ipfius
2186 3069 2431 3180 virgae
2472 3068 2558 3156 V
2599 3069 2713 3158 V.
2800 3068 3007 3172 Quae
3049 3061 3381 3172 qurdem
3414 3061 3837 3149 divisiones
3876 3065 3974 3150 fi-

938 3158 1047 3219 }n-
1078 3167 1132 3209 4.

1349 3213 1485 3266 ura
1520 3211 1576 3290 4
1611 3183 2084 3264 exhibentur
2103 3180 2325 3280 ²‚mhi
2359 3179 2577 3286 pend
2636 3177 2697 3258 li
2794 3177 3004 3258 ortio
3036 3171 3360 3254 inferior
3394 3175 3478 3255 in
3518 3196 3673 3257 tres
3770 3197 3973 3264 artes

1357 3295 1484 3378 &a
1519 3295 1868 3378 cernitur
1887 3346 1915 3388 ,
1971 3313 2304 3399 quarum
2322 3346 2345 3378 ,
2405 3313 2591 3396 qua:
2630 3206 2909 3368 inffmo
2948 3282 3137 3365 loco
3172 3284 3543 3392 ponenda
3560 3347 3588 3388 ‚
3642 3314 3687 3368 e
3769 3287 3851 3372 A
3870 3287 3969 3374 B.

1271 3409 1670 3495 Punsturn
1737 3407 1816 3490 A
1869 3399 1982 3485 est
2043 3420 2405 3482 centrum
2463 3395 2883 3510 gravitatis
2916 3393 3295 3510 ponderis
3338 3393 3429 3480 X
3467 3458 3498 3501 ‚
3574 3397 3630 3480 ὲ·
3658 3397 3969 3508 panaro

1260 3540 1528 3604 autem
1573 3517 1654 3600 C
1677 3571 1705 3615 ,
1761 3533 2034 3598 centro
2072 3509 2585 3612 oscillationis
2609 3572 2637 3614 ,
2712 3527 2973 3622 partes
3026 3503 3354 3619 fingulae
3398 3568 3425 3612 ,
3505 3509 3971 3620 quindecim

1269 3628 1828 3745 scrupulorum
1867 3622 2391 3711 secundorum
2430 3619 2965 3709 differentiam
2986 3617 3723 3704 diurnam'efficiunt
3744 3684 3787 3726 ,.
3826 3624 3966 3708 ubi

1269 3745 1416 3831 tali
1452 3737 1879 3827 intervallo
1919 3757 2158 3822 mota.
2175 3731 2413 3821 fuerit
2447 3731 2614 3828 lens
2653 3746 2753 3828 ᾼ.
2818 3723 3407 3834 Demonstratio
3434 3731 3709 3841 grutem
3751 3732 3959 3816 divi..

1279 3859 1742 3966 firmumque
1785 3847 2146 3945 inventio
2181 3910 2213 3953 ,
2284 3846 2601 3958 dabitur
2634 3844 2723 3938 in
2762 3844 2859 3950 iis
2902 3872 3087 3960 quae
3127 3842 3238 3970 de
3272 3843 3581 3968 Centro
3624 3840 3985 3966 Oscilla-⁸

1274 3993 1541 4056 rioms.
1595 4030 1606 4044 ,
2081 4003 2090 4012 ·
2213 3992 2218 4006 ·
3412 4031 3423 4042 .

1389 4085 1794 4186 Caeterum
1859 4075 2180 4160 illorum
2235 4085 2574 4188 quoque
2610 4097 2794 4186 quae
2832 4067 3030 4153 mari
3065 4053 3465 4160 vehuntur
3498 4129 3549 4178 ,‚
3605 4065 3958 4191 longitu-

1263 4184 1560 4294 dinum
1595 4189 2310 4304 investigandarum
2354 4185 2613 4296 gritii
2652 4245 2678 4290 ,
2748 4179 3089 4268 formam
3132 4179 3265 4296 bic
3306 4178 3957 4296 describeremus,

1187 4390 1219 4399 ..
1271 4302 1336 4398 fi
1377 4331 1746 4448 quaenam
1787 4299 2130 4394 maxime
2165 4294 2270 4382 ad
2307 4295 2524 4390 hunc
2566 4295 2791 4398 usum
2833 4287 3566 4410 accommodarit-fit
3601 4305 3673 4400 ,2³
3720 4309 3955 4410 aeque

977 4385 1024 4526 J·
1113 4393 1123 4400 ⁴
1256 4448 1476 4512 amm
1519 4417 2144 4532 praeceden'tibus
2187 4476 2239 4517 ‚‚
2282 4408 2797 4520 exploratum
2850 4395 3608 4519 defermiqstgmque
3628 4404 3951 4528 bubegess

3640 4517 3663 4528 -r

3656 4519 3950 4633 parum

1253 4557 1435 4647 mus
1475 4575 1508 4638 5
1579 4528 1722 4642 etfi
1759 4521 2087 4644 quidem
2125 4529 2293 4638 jam
2332 4548 2546 4609 nunc
2585 4551 2684 4607 eo
2720 4524 2844 4607 re‘s
2882 4502 3230 4604 dedust‘a
3262 4517 3359 4603 fit
3394 4574 3429 4621 ,
3512 4539 3607 4604 ut
3688 4631 3751 4720 d
3838 4631 3947 4726 ss‘e

1621 4697 1651 4704 ..
1763 4687 1770 4692 .
3750 4661 3841 4719 ee
