<?xml version="1.0" encoding="UTF-8"?>
<!DOCTYPE html PUBLIC "-//W3C//DTD XHTML 1.0 Transitional//EN"
    "http://www.w3.org/TR/xhtml1/DTD/xhtml1-transitional.dtd">
<html xmlns="http://www.w3.org/1999/xhtml" xml:lang="en" lang="en">
 <head>
  <title>
</title>
<meta http-equiv="Content-Type" content="text/html;charset=utf-8" />
  <meta name='ocr-system' content='tesseract 3.04.00' />
  <meta name='ocr-capabilities' content='ocr_page ocr_carea ocr_par ocr_line ocrx_word'/>
</head>
<body>
  <div class='ocr_page' id='page_1' title='image "./operavaria01gravgoog_0260.png"; bbox 0 0 4517 5784; ppageno 0'>
   <div class='ocr_carea' id='block_1_1' title="bbox 1433 394 3738 545">
    <p class='ocr_par' dir='ltr' id='par_1_1' title="bbox 1433 394 3738 545">
     <span class='ocr_line' id='line_1_1' title="bbox 1433 394 3738 545; baseline -0.01 -1"><span class='ocrx_word' id='word_1_1' title='bbox 1433 452 1583 545; x_wconf 53' lang='grc' dir='ltr'>ις»</span> <span class='ocrx_word' id='word_1_2' title='bbox 1940 394 2856 533; x_wconf 67' lang='lat' dir='ltr'>cuiusnam</span> <span class='ocrx_word' id='word_1_3' title='bbox 2963 430 3618 525; x_wconf 77' lang='lat' dir='ltr'>HUGENH</span> <span class='ocrx_word' id='word_1_4' title='bbox 3725 414 3738 447; x_wconf 65' lang='lat'>¹</span> 
     </span>
    </p>
   </div>
   <div class='ocr_carea' id='block_1_2' title="bbox 1092 566 4106 800">
    <p class='ocr_par' dir='ltr' id='par_1_2' title="bbox 1092 566 4106 800">
     <span class='ocr_line' id='line_1_2' title="bbox 1092 566 4106 705; baseline -0.004 -42"><span class='ocrx_word' id='word_1_5' title='bbox 1092 612 1185 663; x_wconf 72' lang='lat' dir='ltr'>m</span> <span class='ocrx_word' id='word_1_6' title='bbox 1188 618 1416 658; x_wconf 66' lang='lat' dir='ltr'>nnnnnn</span> <span class='ocrx_word' id='word_1_7' title='bbox 1428 581 1531 685; x_wconf 82' lang='lat' dir='ltr'>¹fit</span> <span class='ocrx_word' id='word_1_8' title='bbox 1572 576 2023 691; x_wconf 77' lang='lat' dir='ltr'><strong>longitudo,</strong></span> <span class='ocrx_word' id='word_1_9' title='bbox 2086 575 2370 683; x_wconf 89' lang='lat' dir='ltr'>Itaque</span> <span class='ocrx_word' id='word_1_10' title='bbox 2409 580 2490 656; x_wconf 85' lang='lat'>&amp;</span> <span class='ocrx_word' id='word_1_11' title='bbox 2527 572 3060 685; x_wconf 88' lang='lat' dir='ltr'>pendulorum</span> <span class='ocrx_word' id='word_1_12' title='bbox 3127 566 3597 683; x_wconf 76' lang='lat' dir='ltr'>simplicium</span> <span class='ocrx_word' id='word_1_13' title='bbox 3653 572 4106 705; x_wconf 66' lang='lat' dir='ltr'>longitudi-</span> 
     </span>
     <span class='ocr_line' id='line_1_3' title="bbox 1106 684 4104 800; baseline -0.002 -23"><span class='ocrx_word' id='word_1_14' title='bbox 1106 686 1367 787; x_wconf 53' lang='lat' dir='ltr'>-ssssssi&#39;f‘</span> <span class='ocrx_word' id='word_1_15' title='bbox 1426 720 1570 776; x_wconf 85' lang='lat' dir='ltr'>nes</span> <span class='ocrx_word' id='word_1_16' title='bbox 1590 759 1617 798; x_wconf 86' lang='grc'>,</span> <span class='ocrx_word' id='word_1_17' title='bbox 1664 692 2161 800; x_wconf 67' lang='lat' dir='ltr'>⁴duplicatam</span> <span class='ocrx_word' id='word_1_18' title='bbox 2216 684 2598 769; x_wconf 81' lang='lat' dir='ltr'>rati-onem</span> <span class='ocrx_word' id='word_1_19' title='bbox 2657 685 3056 768; x_wconf 84' lang='lat' dir='ltr'>habebunt</span> <span class='ocrx_word' id='word_1_20' title='bbox 3095 702 3548 794; x_wconf 82' lang='lat' dir='ltr'>temporum</span> <span class='ocrx_word' id='word_1_21' title='bbox 3572 746 3593 779; x_wconf 92' lang='lat'><em>,</em></span> <span class='ocrx_word' id='word_1_22' title='bbox 3657 692 3948 800; x_wconf 78' lang='lat' dir='ltr'>quibus</span> <span class='ocrx_word' id='word_1_23' title='bbox 4009 725 4104 781; x_wconf 85' lang='grc' dir='ltr'>ο.</span> 
     </span>
    </p>
   </div>
   <div class='ocr_carea' id='block_1_3' title="bbox 1430 797 4108 1250">
    <p class='ocr_par' dir='ltr' id='par_1_3' title="bbox 1430 797 4107 1106">
     <span class='ocr_line' id='line_1_4' title="bbox 1430 797 3894 911; baseline -0.007 -26"><span class='ocrx_word' id='word_1_24' title='bbox 1430 804 1903 887; x_wconf 75' lang='lat' dir='ltr'>=scillationes</span> <span class='ocrx_word' id='word_1_25' title='bbox 1932 800 2270 883; x_wconf 83' lang='lat' dir='ltr'>minimae</span> <span class='ocrx_word' id='word_1_26' title='bbox 2311 797 2867 911; x_wconf 79' lang='lat' dir='ltr'>transiguntur.</span> <span class='ocrx_word' id='word_1_27' title='bbox 3889 862 3894 867; x_wconf 83' lang='lat'>.</span> 
     </span>
     <span class='ocr_line' id='line_1_5' title="bbox 1548 907 4107 1106; baseline -0.001 -110"><span class='ocrx_word' id='word_1_28' title='bbox 1548 916 1800 1022; x_wconf 83' lang='lat' dir='ltr'>Quod</span> <span class='ocrx_word' id='word_1_29' title='bbox 1842 914 1896 993; x_wconf 88' lang='lat' dir='ltr'>s1</span> <span class='ocrx_word' id='word_1_30' title='bbox 1935 912 2115 1019; x_wconf 88' lang='lat' dir='ltr'>quis</span> <span class='ocrx_word' id='word_1_31' title='bbox 2148 908 2723 993; x_wconf 86' lang='lat' dir='ltr'>oscillationum</span> <span class='ocrx_word' id='word_1_32' title='bbox 2761 907 3408 995; x_wconf 76' lang='lat' dir='ltr'>numerandarum</span> <span class='ocrx_word' id='word_1_33' title='bbox 3429 974 3455 1015; x_wconf 87' lang='lat'>,</span> <span class='ocrx_word' id='word_1_34' title='bbox 3505 935 3694 1106; x_wconf 52' lang='lat' dir='ltr'>guae</span> <span class='ocrx_word' id='word_1_35' title='bbox 3732 913 3946 1001; x_wconf 77' lang='lat' dir='ltr'>horae</span> <span class='ocrx_word' id='word_1_36' title='bbox 3963 942 4107 1007; x_wconf 76' lang='lat' dir='ltr'>aut</span> 
     </span>
    </p>

    <p class='ocr_par' dir='ltr' id='par_1_4' title="bbox 1436 1020 4102 1135">
     <span class='ocr_line' id='line_1_6' title="bbox 1436 1020 4102 1135; baseline -0.002 -24"><span class='ocrx_word' id='word_1_37' title='bbox 1436 1030 1843 1111; x_wconf 63' lang='lat' dir='ltr'>‘semihorae</span> <span class='ocrx_word' id='word_1_38' title='bbox 1896 1046 2246 1133; x_wconf 79' lang='lat' dir='ltr'>tempore</span> <span class='ocrx_word' id='word_1_39' title='bbox 2303 1020 2748 1125; x_wconf 75' lang='lat' dir='ltr'>transeunt,</span> <span class='ocrx_word' id='word_1_40' title='bbox 2802 1020 3148 1103; x_wconf 82' lang='lat' dir='ltr'>laborem</span> <span class='ocrx_word' id='word_1_41' title='bbox 3204 1050 3366 1105; x_wconf 90' lang='lat' dir='ltr'>non</span> <span class='ocrx_word' id='word_1_42' title='bbox 3399 1025 3502 1107; x_wconf 86' lang='lat' dir='ltr'>de</span> <span class='ocrx_word' id='word_1_43' title='bbox 3541 1027 3760 1135; x_wconf 87' lang='lat' dir='ltr'>ugiat</span> <span class='ocrx_word' id='word_1_44' title='bbox 3776 1074 3804 1129; x_wconf 75' lang='lat'>3</span> <span class='ocrx_word' id='word_1_45' title='bbox 3859 1030 4102 1117; x_wconf 67' lang='lat' dir='ltr'>horon</span> 
     </span>
    </p>

    <p class='ocr_par' dir='ltr' id='par_1_5' title="bbox 1445 1131 4108 1250">
     <span class='ocr_line' id='line_1_7' title="bbox 1445 1131 4108 1250; baseline 0.002 -27"><span class='ocrx_word' id='word_1_46' title='bbox 1445 1142 1910 1249; x_wconf 87' lang='lat' dir='ltr'>logiumque</span> <span class='ocrx_word' id='word_1_47' title='bbox 1942 1134 2187 1229; x_wconf 83' lang='lat' dir='ltr'>adlit,</span> <span class='ocrx_word' id='word_1_48' title='bbox 2254 1136 2483 1241; x_wconf 85' lang='lat' dir='ltr'>cujus</span> <span class='ocrx_word' id='word_1_49' title='bbox 2527 1134 2766 1214; x_wconf 80' lang='lat' dir='ltr'>index</span> <span class='ocrx_word' id='word_1_50' title='bbox 2804 1132 3146 1215; x_wconf 87' lang='lat' dir='ltr'>secunda</span> <span class='ocrx_word' id='word_1_51' title='bbox 3187 1131 3555 1246; x_wconf 82' lang='lat' dir='ltr'>scrupula</span> <span class='ocrx_word' id='word_1_52' title='bbox 3593 1138 4108 1250; x_wconf 74' lang='lat' dir='ltr'>demonstret5</span> 
     </span>
    </p>
   </div>
   <div class='ocr_carea' id='block_1_4' title="bbox 1389 1243 4110 1365">
    <p class='ocr_par' dir='ltr' id='par_1_6' title="bbox 1389 1243 4110 1365">
     <span class='ocr_line' id='line_1_8' title="bbox 1389 1243 4110 1365; baseline 0.005 -36"><span class='ocrx_word' id='word_1_53' title='bbox 1389 1260 1943 1362; x_wconf 71' lang='lat' dir='ltr'>·&#39;·quaecunque</span> <span class='ocrx_word' id='word_1_54' title='bbox 1980 1245 2410 1352; x_wconf 80' lang='lat' dir='ltr'>accipiatur</span> <span class='ocrx_word' id='word_1_55' title='bbox 2451 1243 2782 1353; x_wconf 84' lang='lat' dir='ltr'>penduli</span> <span class='ocrx_word' id='word_1_56' title='bbox 2819 1243 3191 1355; x_wconf 83' lang='lat' dir='ltr'>simplicis</span> <span class='ocrx_word' id='word_1_57' title='bbox 3229 1244 3702 1359; x_wconf 76' lang='lat' dir='ltr'>longitudo,</span> <span class='ocrx_word' id='word_1_58' title='bbox 3749 1256 3920 1359; x_wconf 81' lang='lat' dir='ltr'>ejus</span> <span class='ocrx_word' id='word_1_59' title='bbox 3953 1286 4110 1365; x_wconf 23' lang='lat' dir='ltr'>inu»</span> 
     </span>
    </p>
   </div>
   <div class='ocr_carea' id='block_1_5' title="bbox 1432 1356 4110 1585">
    <p class='ocr_par' dir='ltr' id='par_1_7' title="bbox 1432 1356 4110 1585">
     <span class='ocr_line' id='line_1_9' title="bbox 1444 1356 4110 1465; baseline 0.003 -21"><span class='ocrx_word' id='word_1_60' title='bbox 1444 1388 1699 1445; x_wconf 86' lang='lat' dir='ltr'>merus</span> <span class='ocrx_word' id='word_1_61' title='bbox 1724 1357 2314 1441; x_wconf 86' lang='lat' dir='ltr'>oscillationum</span> <span class='ocrx_word' id='word_1_62' title='bbox 2339 1408 2366 1449; x_wconf 86' lang='lat'><strong>,</strong></span> <span class='ocrx_word' id='word_1_63' title='bbox 2423 1382 2601 1465; x_wconf 73' lang='lat' dir='ltr'>quae</span> <span class='ocrx_word' id='word_1_64' title='bbox 2643 1356 2834 1437; x_wconf 85' lang='lat' dir='ltr'>hora</span> <span class='ocrx_word' id='word_1_65' title='bbox 2873 1384 3026 1439; x_wconf 88' lang='lat' dir='ltr'>una</span> <span class='ocrx_word' id='word_1_66' title='bbox 3055 1357 3614 1459; x_wconf 85' lang='lat' dir='ltr'>continentur,</span> <span class='ocrx_word' id='word_1_67' title='bbox 3673 1365 3828 1445; x_wconf 90' lang='lat' dir='ltr'>hoc</span> <span class='ocrx_word' id='word_1_68' title='bbox 3861 1371 4110 1453; x_wconf 90' lang='lat' dir='ltr'>modo</span> 
     </span>
     <span class='ocr_line' id='line_1_10' title="bbox 1432 1466 4109 1585; baseline 0.004 -33"><span class='ocrx_word' id='word_1_69' title='bbox 1432 1468 2025 1581; x_wconf 77' lang='lat' dir='ltr'>cognoscetur;</span> <span class='ocrx_word' id='word_1_70' title='bbox 2088 1489 2329 1575; x_wconf 85' lang='lat' dir='ltr'>atque</span> <span class='ocrx_word' id='word_1_71' title='bbox 2387 1467 2576 1547; x_wconf 84' lang='lat' dir='ltr'>inde</span> <span class='ocrx_word' id='word_1_72' title='bbox 2627 1466 3056 1578; x_wconf 85' lang='lat' dir='ltr'>longitudo</span> <span class='ocrx_word' id='word_1_73' title='bbox 3117 1469 3450 1577; x_wconf 85' lang='lat' dir='ltr'>penduli</span> <span class='ocrx_word' id='word_1_74' title='bbox 3496 1474 3950 1585; x_wconf 78' lang='lat' dir='ltr'>tripedali8‚</span> <span class='ocrx_word' id='word_1_75' title='bbox 4007 1482 4109 1567; x_wconf 85' lang='lat' dir='ltr'>ad</span> 
     </span>
    </p>
   </div>
   <div class='ocr_carea' id='block_1_6' title="bbox 1352 1574 3461 1691">
    <p class='ocr_par' dir='ltr' id='par_1_8' title="bbox 1352 1574 3461 1691">
     <span class='ocr_line' id='line_1_11' title="bbox 1352 1574 3461 1691; baseline -0.001 -24"><span class='ocrx_word' id='word_1_76' title='bbox 1352 1574 1369 1589; x_wconf 71' lang='grc'><em>’</em></span> <span class='ocrx_word' id='word_1_77' title='bbox 1434 1582 1779 1667; x_wconf 80' lang='lat' dir='ltr'>secunda</span> <span class='ocrx_word' id='word_1_78' title='bbox 1811 1579 2219 1691; x_wconf 78' lang='lat' dir='ltr'>scrupula,</span> <span class='ocrx_word' id='word_1_79' title='bbox 2285 1596 2374 1657; x_wconf 88' lang='lat' dir='ltr'>ut</span> <span class='ocrx_word' id='word_1_80' title='bbox 2409 1600 2683 1683; x_wconf 79' lang='lat' dir='ltr'>antea,</span> <span class='ocrx_word' id='word_1_81' title='bbox 2729 1579 3044 1661; x_wconf 86' lang='lat' dir='ltr'>calculo</span> <span class='ocrx_word' id='word_1_82' title='bbox 3077 1581 3461 1689; x_wconf 78' lang='lat' dir='ltr'>prodibit.</span> 
     </span>
    </p>
   </div>
   <div class='ocr_carea' id='block_1_7' title="bbox 1532 1738 3776 1931">
    <p class='ocr_par' dir='ltr' id='par_1_9' title="bbox 1532 1738 3776 1931">
     <span class='ocr_line' id='line_1_12' title="bbox 1532 1738 3776 1931; baseline 0.013 -49"><span class='ocrx_word' id='word_1_83' title='bbox 1532 1738 3242 1931; x_wconf 26' lang='lat' dir='ltr'>...PRoPoslTlo</span> <span class='ocrx_word' id='word_1_84' title='bbox 3383 1803 3776 1913; x_wconf 69' lang='lat' dir='ltr'>xxvi.</span> 
     </span>
    </p>
   </div>
   <div class='ocr_carea' id='block_1_8' title="bbox 1594 1976 4102 2252">
    <p class='ocr_par' dir='ltr' id='par_1_10' title="bbox 1594 1976 4102 2252">
     <span class='ocr_line' id='line_1_13' title="bbox 1596 1976 4102 2115; baseline 0.004 -32"><span class='ocrx_word' id='word_1_85' title='bbox 1596 1982 1969 2085; x_wconf 82' lang='lat' dir='ltr'>Patium</span> <span class='ocrx_word' id='word_1_86' title='bbox 2026 1978 2414 2110; x_wconf 80' lang='lat' dir='ltr'>definire</span> <span class='ocrx_word' id='word_1_87' title='bbox 2447 2048 2476 2097; x_wconf 89' lang='lat'>,</span> <span class='ocrx_word' id='word_1_88' title='bbox 2547 1976 2800 2112; x_wconf 84' lang='lat' dir='ltr'>quod</span> <span class='ocrx_word' id='word_1_89' title='bbox 2825 1976 3190 2112; x_wconf 81' lang='lat' dir='ltr'>gravia</span> <span class='ocrx_word' id='word_1_90' title='bbox 3223 2044 3252 2095; x_wconf 85' lang='lat'><strong>,</strong></span> <span class='ocrx_word' id='word_1_91' title='bbox 3294 1986 4102 2115; x_wconf 69' lang='lat' dir='ltr'>perpendiculari-</span> 
     </span>
     <span class='ocr_line' id='line_1_14' title="bbox 1594 2116 3698 2252; baseline 0.002 -33"><span class='ocrx_word' id='word_1_92' title='bbox 1594 2146 1747 2220; x_wconf 77' lang='lat' dir='ltr'>ter</span> <span class='ocrx_word' id='word_1_93' title='bbox 1790 2118 2233 2220; x_wconf 68' lang='lat' dir='ltr'>cadentia</span> <span class='ocrx_word' id='word_1_94' title='bbox 2256 2187 2288 2238; x_wconf 78' lang='lat'>‚</span> <span class='ocrx_word' id='word_1_95' title='bbox 2361 2116 2582 2219; x_wconf 81' lang='lat' dir='ltr'>dato</span> <span class='ocrx_word' id='word_1_96' title='bbox 2639 2138 3046 2251; x_wconf 76' lang='lat' dir='ltr'>tempore</span> <span class='ocrx_word' id='word_1_97' title='bbox 3093 2138 3698 2252; x_wconf 59' lang='lat' dir='ltr'>percurrant.</span> 
     </span>
    </p>
   </div>
   <div class='ocr_carea' id='block_1_9' title="bbox 1428 2353 4106 2798">
    <p class='ocr_par' dir='ltr' id='par_1_11' title="bbox 1428 2353 4106 2798">
     <span class='ocr_line' id='line_1_15' title="bbox 1550 2353 4098 2483; baseline 0.005 -48"><span class='ocrx_word' id='word_1_98' title='bbox 1550 2354 1790 2436; x_wconf 79' lang='lat' dir='ltr'>Hanc</span> <span class='ocrx_word' id='word_1_99' title='bbox 1831 2354 2255 2435; x_wconf 87' lang='lat' dir='ltr'>mensuram</span> <span class='ocrx_word' id='word_1_100' title='bbox 2296 2354 2760 2463; x_wconf 82' lang='lat' dir='ltr'>quicunque</span> <span class='ocrx_word' id='word_1_101' title='bbox 2797 2353 3798 2475; x_wconf 70' lang='lat' dir='ltr'>hastenusinvestigar&#39;unt,</span> <span class='ocrx_word' id='word_1_102' title='bbox 3849 2397 4098 2483; x_wconf 80' lang='lat' dir='ltr'>expe.</span> 
     </span>
     <span class='ocr_line' id='line_1_16' title="bbox 1428 2463 4106 2585; baseline 0.004 -39"><span class='ocrx_word' id='word_1_103' title='bbox 1428 2465 1756 2546; x_wconf 57' lang='lat' dir='ltr'>{nimenta</span> <span class='ocrx_word' id='word_1_104' title='bbox 1812 2464 2216 2546; x_wconf 87' lang='lat' dir='ltr'>consulere</span> <span class='ocrx_word' id='word_1_105' title='bbox 2273 2463 2566 2547; x_wconf 76' lang='lat' dir='ltr'>necesse</span> <span class='ocrx_word' id='word_1_106' title='bbox 2629 2466 3062 2548; x_wconf 87' lang='lat' dir='ltr'>habuerunt</span> <span class='ocrx_word' id='word_1_107' title='bbox 3085 2512 3110 2564; x_wconf 61' lang='grc' dir='ltr'><strong>ς</strong></span> <span class='ocrx_word' id='word_1_108' title='bbox 3173 2471 3506 2577; x_wconf 76' lang='lat' dir='ltr'>quibus,</span> <span class='ocrx_word' id='word_1_109' title='bbox 3560 2500 3798 2585; x_wconf 86' lang='lat' dir='ltr'>prout</span> <span class='ocrx_word' id='word_1_110' title='bbox 3837 2480 4106 2572; x_wconf 59' lang='lat' dir='ltr'>haete-</span> 
     </span>
     <span class='ocr_line' id='line_1_17' title="bbox 1428 2573 4100 2682; baseline 0.007 -23"><span class='ocrx_word' id='word_1_111' title='bbox 1428 2604 1577 2659; x_wconf 76' lang='lat' dir='ltr'>nus</span> <span class='ocrx_word' id='word_1_112' title='bbox 1619 2577 1972 2659; x_wconf 85' lang='lat' dir='ltr'>instituta</span> <span class='ocrx_word' id='word_1_113' title='bbox 2008 2574 2270 2671; x_wconf 88' lang='lat' dir='ltr'>fuere,</span> <span class='ocrx_word' id='word_1_114' title='bbox 2331 2602 2490 2656; x_wconf 90' lang='lat' dir='ltr'>non</span> <span class='ocrx_word' id='word_1_115' title='bbox 2527 2573 2762 2659; x_wconf 82' lang='lat' dir='ltr'>facile</span> <span class='ocrx_word' id='word_1_116' title='bbox 2799 2576 2903 2658; x_wconf 89' lang='lat' dir='ltr'>ad</span> <span class='ocrx_word' id='word_1_117' title='bbox 2956 2578 3310 2662; x_wconf 71' lang='lat' dir='ltr'>exastam</span> <span class='ocrx_word' id='word_1_118' title='bbox 3365 2583 4100 2682; x_wconf 81' lang='lat' dir='ltr'>determinationem</span> 
     </span>
     <span class='ocr_line' id='line_1_18' title="bbox 1428 2687 4102 2798; baseline 0.006 -31"><span class='ocrx_word' id='word_1_119' title='bbox 1428 2688 1932 2798; x_wconf 77' lang='lat' dir='ltr'>pervenitur,</span> <span class='ocrx_word' id='word_1_120' title='bbox 1992 2710 2329 2797; x_wconf 84' lang='lat' dir='ltr'>propter.</span> <span class='ocrx_word' id='word_1_121' title='bbox 2353 2687 2852 2769; x_wconf 86' lang='lat' dir='ltr'>velocitatem</span> <span class='ocrx_word' id='word_1_122' title='bbox 2893 2689 3378 2785; x_wconf 83' lang='lat' dir='ltr'>cadentium,</span> <span class='ocrx_word' id='word_1_123' title='bbox 3443 2695 3586 2779; x_wconf 87' lang='lat' dir='ltr'>sub</span> <span class='ocrx_word' id='word_1_124' title='bbox 3639 2696 3881 2783; x_wconf 88' lang='lat' dir='ltr'>finem</span> <span class='ocrx_word' id='word_1_125' title='bbox 3929 2736 4102 2793; x_wconf 80' lang='lat' dir='ltr'>mo·-</span> 
     </span>
    </p>
   </div>
   <div class='ocr_carea' id='block_1_10' title="bbox 1308 2796 4097 2914">
    <p class='ocr_par' dir='ltr' id='par_1_12' title="bbox 1308 2796 4097 2914">
     <span class='ocr_line' id='line_1_19' title="bbox 1308 2796 4097 2914; baseline 0.008 -33"><span class='ocrx_word' id='word_1_126' title='bbox 1308 2870 1313 2881; x_wconf 95' lang='lat'>.</span> <span class='ocrx_word' id='word_1_127' title='bbox 1436 2821 1573 2877; x_wconf 84' lang='lat' dir='ltr'>tus</span> <span class='ocrx_word' id='word_1_128' title='bbox 1632 2798 2111 2907; x_wconf 69' lang='lat' dir='ltr'>acquisitam.</span> <span class='ocrx_word' id='word_1_129' title='bbox 2195 2798 2326 2879; x_wconf 82' lang='lat' dir='ltr'>Ex</span> <span class='ocrx_word' id='word_1_130' title='bbox 2385 2796 2642 2879; x_wconf 88' lang='lat' dir='ltr'>nostra</span> <span class='ocrx_word' id='word_1_131' title='bbox 2693 2822 2952 2881; x_wconf 88' lang='lat' dir='ltr'>autem</span> <span class='ocrx_word' id='word_1_132' title='bbox 3011 2828 3241 2914; x_wconf 85' lang='lat' dir='ltr'>prop.</span> <span class='ocrx_word' id='word_1_133' title='bbox 3305 2830 3397 2912; x_wconf 87' lang='lat'>25</span> <span class='ocrx_word' id='word_1_134' title='bbox 3450 2870 3476 2909; x_wconf 85' lang='lat'>,</span> <span class='ocrx_word' id='word_1_135' title='bbox 3544 2810 3650 2891; x_wconf 89' lang='lat' dir='ltr'>de</span> <span class='ocrx_word' id='word_1_136' title='bbox 3711 2814 4097 2904; x_wconf 87' lang='lat' dir='ltr'>Descensu</span> 
     </span>
    </p>
   </div>
   <div class='ocr_carea' id='block_1_11' title="bbox 1425 2909 4106 3704">
    <p class='ocr_par' dir='ltr' id='par_1_13' title="bbox 1425 2909 4106 3704">
     <span class='ocr_line' id='line_1_20' title="bbox 1431 2909 4102 3022; baseline 0.01 -36"><span class='ocrx_word' id='word_1_137' title='bbox 1431 2909 1796 3017; x_wconf 82' lang='lat' dir='ltr'>gravium</span> <span class='ocrx_word' id='word_1_138' title='bbox 1838 2966 1865 3006; x_wconf 83' lang='lat'>,</span> <span class='ocrx_word' id='word_1_139' title='bbox 1929 2910 2422 3021; x_wconf 85' lang='lat' dir='ltr'>cognitaque</span> <span class='ocrx_word' id='word_1_140' title='bbox 2463 2909 2965 3019; x_wconf 78' lang='lat' dir='ltr'>longitudine</span> <span class='ocrx_word' id='word_1_141' title='bbox 3005 2915 3342 3022; x_wconf 88' lang='lat' dir='ltr'>penduli</span> <span class='ocrx_word' id='word_1_142' title='bbox 3374 2919 3475 2999; x_wconf 91' lang='lat' dir='ltr'>ad</span> <span class='ocrx_word' id='word_1_143' title='bbox 3513 2918 3852 3009; x_wconf 83' lang='lat' dir='ltr'>secunda</span> <span class='ocrx_word' id='word_1_144' title='bbox 3891 2929 4102 3013; x_wconf 90' lang='lat' dir='ltr'>scru-</span> 
     </span>
     <span class='ocr_line' id='line_1_21' title="bbox 1430 3020 4094 3149; baseline 0.009 -49"><span class='ocrx_word' id='word_1_145' title='bbox 1430 3021 1627 3129; x_wconf 87' lang='lat' dir='ltr'>pula</span> <span class='ocrx_word' id='word_1_146' title='bbox 1662 3082 1693 3124; x_wconf 69' lang='grc'><strong>,</strong></span> <span class='ocrx_word' id='word_1_147' title='bbox 1788 3020 2075 3129; x_wconf 85' lang='lat' dir='ltr'>absque</span> <span class='ocrx_word' id='word_1_148' title='bbox 2152 3022 2702 3128; x_wconf 82' lang='lat' dir='ltr'>experimento</span> <span class='ocrx_word' id='word_1_149' title='bbox 2745 3086 2774 3125; x_wconf 82' lang='lat'>,</span> <span class='ocrx_word' id='word_1_150' title='bbox 2867 3050 3008 3132; x_wconf 87' lang='lat' dir='ltr'>per</span> <span class='ocrx_word' id='word_1_151' title='bbox 3063 3046 3360 3109; x_wconf 89' lang='lat' dir='ltr'>certam</span> <span class='ocrx_word' id='word_1_152' title='bbox 3399 3031 4094 3149; x_wconf 88' lang='lat' dir='ltr'>consequentiam,</span> 
     </span>
     <span class='ocr_line' id='line_1_22' title="bbox 1425 3130 4093 3254; baseline 0.01 -45"><span class='ocrx_word' id='word_1_153' title='bbox 1425 3159 1591 3213; x_wconf 72' lang='lat' dir='ltr'>rem</span> <span class='ocrx_word' id='word_1_154' title='bbox 1669 3134 2047 3241; x_wconf 84' lang='lat' dir='ltr'>expedire</span> <span class='ocrx_word' id='word_1_155' title='bbox 2130 3130 2558 3241; x_wconf 79' lang='lat' dir='ltr'>possumus.</span> <span class='ocrx_word' id='word_1_156' title='bbox 2671 3134 2793 3215; x_wconf 81' lang='lat' dir='ltr'>Ac</span> <span class='ocrx_word' id='word_1_157' title='bbox 2871 3135 3129 3245; x_wconf 91' lang='lat' dir='ltr'>primo</span> <span class='ocrx_word' id='word_1_158' title='bbox 3207 3140 3544 3247; x_wconf 84' lang='lat' dir='ltr'>quidem·</span> <span class='ocrx_word' id='word_1_159' title='bbox 3609 3143 3946 3254; x_wconf 88' lang='lat' dir='ltr'>spatium</span> <span class='ocrx_word' id='word_1_160' title='bbox 4002 3154 4093 3236; x_wconf 93' lang='lat' dir='ltr'>il-</span> 
     </span>
     <span class='ocr_line' id='line_1_23' title="bbox 1425 3238 4100 3375; baseline 0.008 -53"><span class='ocrx_word' id='word_1_161' title='bbox 1425 3238 1573 3323; x_wconf 82' lang='lat' dir='ltr'>lud</span> <span class='ocrx_word' id='word_1_162' title='bbox 1609 3244 2095 3349; x_wconf 83' lang='lat' dir='ltr'>inquiremus</span> <span class='ocrx_word' id='word_1_163' title='bbox 2120 3296 2145 3337; x_wconf 90' lang='lat'><strong>,</strong></span> <span class='ocrx_word' id='word_1_164' title='bbox 2204 3246 2432 3353; x_wconf 89' lang='lat' dir='ltr'>quod</span> <span class='ocrx_word' id='word_1_165' title='bbox 2471 3246 2698 3327; x_wconf 87' lang='lat' dir='ltr'>unius</span> <span class='ocrx_word' id='word_1_166' title='bbox 2738 3244 3090 3359; x_wconf 85' lang='lat' dir='ltr'>scrupuli</span> <span class='ocrx_word' id='word_1_167' title='bbox 3126 3246 3445 3333; x_wconf 88' lang='lat' dir='ltr'>secundi</span> <span class='ocrx_word' id='word_1_168' title='bbox 3465 3274 3822 3366; x_wconf 84' lang='lat' dir='ltr'>tempore</span> <span class='ocrx_word' id='word_1_169' title='bbox 3860 3286 4100 3375; x_wconf 73' lang='lat' dir='ltr'>grave</span> 
     </span>
     <span class='ocr_line' id='line_1_24' title="bbox 1430 3354 4101 3478; baseline 0.011 -47"><span class='ocrx_word' id='word_1_170' title='bbox 1430 3354 2005 3457; x_wconf 78' lang='lat' dir='ltr'>praeterlabitur</span> <span class='ocrx_word' id='word_1_171' title='bbox 2039 3401 2064 3453; x_wconf 73' lang='lat'>3</span> <span class='ocrx_word' id='word_1_172' title='bbox 2140 3380 2241 3435; x_wconf 84' lang='lat' dir='ltr'>ex</span> <span class='ocrx_word' id='word_1_173' title='bbox 2303 3379 2472 3463; x_wconf 91' lang='lat' dir='ltr'>quo</span> <span class='ocrx_word' id='word_1_174' title='bbox 2531 3357 2908 3465; x_wconf 80' lang='lat' dir='ltr'>quaelibet</span> <span class='ocrx_word' id='word_1_175' title='bbox 2967 3358 3118 3441; x_wconf 88' lang='lat' dir='ltr'>alia</span> <span class='ocrx_word' id='word_1_176' title='bbox 3157 3360 3447 3445; x_wconf 88' lang='lat' dir='ltr'>deinde</span> <span class='ocrx_word' id='word_1_177' title='bbox 3481 3366 3860 3478; x_wconf 86' lang='lat' dir='ltr'>colligere</span> <span class='ocrx_word' id='word_1_178' title='bbox 3907 3375 4101 3459; x_wconf 81' lang='lat' dir='ltr'>lice-</span> 
     </span>
     <span class='ocr_line' id='line_1_25' title="bbox 1426 3461 4103 3600; baseline 0.01 -58"><span class='ocrx_word' id='word_1_179' title='bbox 1426 3462 1565 3542; x_wconf 87' lang='lat' dir='ltr'>bit.</span> <span class='ocrx_word' id='word_1_180' title='bbox 1687 3466 1901 3573; x_wconf 71' lang='lat' dir='ltr'>Qiia</span> <span class='ocrx_word' id='word_1_181' title='bbox 1957 3461 2199 3576; x_wconf 84' lang='lat' dir='ltr'>igitur</span> <span class='ocrx_word' id='word_1_182' title='bbox 2256 3464 2587 3576; x_wconf 84' lang='lat' dir='ltr'>penduli</span> <span class='ocrx_word' id='word_1_183' title='bbox 2644 3530 2669 3569; x_wconf 90' lang='lat'>,</span> <span class='ocrx_word' id='word_1_184' title='bbox 2767 3470 2872 3551; x_wconf 91' lang='lat' dir='ltr'>ad</span> <span class='ocrx_word' id='word_1_185' title='bbox 2931 3465 3268 3553; x_wconf 86' lang='lat' dir='ltr'>secunda</span> <span class='ocrx_word' id='word_1_186' title='bbox 3329 3472 3694 3586; x_wconf 84' lang='lat' dir='ltr'>scrupula</span> <span class='ocrx_word' id='word_1_187' title='bbox 3736 3535 3763 3575; x_wconf 87' lang='lat'><strong>,</strong></span> <span class='ocrx_word' id='word_1_188' title='bbox 3837 3484 4103 3600; x_wconf 74' lang='lat' dir='ltr'>longi·-</span> 
     </span>
     <span class='ocr_line' id='line_1_26' title="bbox 1426 3573 4106 3704; baseline 0.005 -51"><span class='ocrx_word' id='word_1_189' title='bbox 1426 3573 1788 3655; x_wconf 84' lang='lat' dir='ltr'>tudinem</span> <span class='ocrx_word' id='word_1_190' title='bbox 1848 3575 2193 3657; x_wconf 84' lang='lat' dir='ltr'>diximus</span> <span class='ocrx_word' id='word_1_191' title='bbox 2250 3576 2401 3657; x_wconf 84' lang='lat' dir='ltr'>effe</span> <span class='ocrx_word' id='word_1_192' title='bbox 2465 3578 2758 3685; x_wconf 88' lang='lat' dir='ltr'>pedum</span> <span class='ocrx_word' id='word_1_193' title='bbox 2821 3578 3346 3671; x_wconf 70' lang='lat' dir='ltr'>Horatiorum</span> <span class='ocrx_word' id='word_1_194' title='bbox 3391 3611 3430 3694; x_wconf 85' lang='lat'>3</span> <span class='ocrx_word' id='word_1_195' title='bbox 3475 3618 3492 3669; x_wconf 93' lang='lat'><strong>:</strong></span> <span class='ocrx_word' id='word_1_196' title='bbox 3589 3610 3900 3704; x_wconf 86' lang='lat' dir='ltr'>tempus</span> <span class='ocrx_word' id='word_1_197' title='bbox 3961 3628 4106 3683; x_wconf 77' lang='lat' dir='ltr'>au...</span> 
     </span>
    </p>
   </div>
   <div class='ocr_carea' id='block_1_12' title="bbox 1261 3685 4100 3809">
    <p class='ocr_par' dir='ltr' id='par_1_14' title="bbox 1261 3685 4100 3809">
     <span class='ocr_line' id='line_1_27' title="bbox 1261 3685 4100 3809; baseline 0.013 -50"><span class='ocrx_word' id='word_1_198' title='bbox 1261 3744 1278 3759; x_wconf 82' lang='lat'>.</span> <span class='ocrx_word' id='word_1_199' title='bbox 1406 3706 1586 3767; x_wconf 82' lang='lat' dir='ltr'>¹tem</span> <span class='ocrx_word' id='word_1_200' title='bbox 1642 3688 1869 3767; x_wconf 88' lang='lat' dir='ltr'>unius</span> <span class='ocrx_word' id='word_1_201' title='bbox 1920 3685 2424 3768; x_wconf 89' lang='lat' dir='ltr'>oscillationis</span> <span class='ocrx_word' id='word_1_202' title='bbox 2481 3688 2818 3769; x_wconf 82' lang='lat' dir='ltr'>minimae</span> <span class='ocrx_word' id='word_1_203' title='bbox 2879 3744 2910 3792; x_wconf 88' lang='lat'>·‚</span> <span class='ocrx_word' id='word_1_204' title='bbox 2985 3688 3096 3773; x_wconf 92' lang='lat' dir='ltr'>est</span> <span class='ocrx_word' id='word_1_205' title='bbox 3149 3694 3256 3775; x_wconf 88' lang='lat' dir='ltr'>ad</span> <span class='ocrx_word' id='word_1_206' title='bbox 3314 3717 3626 3809; x_wconf 73' lang='lat' dir='ltr'>tempus</span> <span class='ocrx_word' id='word_1_207' title='bbox 3681 3705 4100 3795; x_wconf 76' lang='lat' dir='ltr'>descensus</span> 
     </span>
    </p>
   </div>
   <div class='ocr_carea' id='block_1_13' title="bbox 1411 3786 4116 4693">
    <p class='ocr_par' dir='ltr' id='par_1_15' title="bbox 1411 3786 4116 4593">
     <span class='ocr_line' id='line_1_28' title="bbox 1422 3786 4108 3911; baseline 0.01 -34"><span class='ocrx_word' id='word_1_208' title='bbox 1422 3797 2099 3908; x_wconf 81' lang='lat' dir='ltr'>perpendicularis</span> <span class='ocrx_word' id='word_1_209' title='bbox 2138 3824 2241 3911; x_wconf 72' lang='lat' dir='ltr'>ex</span> <span class='ocrx_word' id='word_1_210' title='bbox 2281 3786 2618 3881; x_wconf 85' lang='lat' dir='ltr'>dimidia</span> <span class='ocrx_word' id='word_1_211' title='bbox 2659 3800 2990 3909; x_wconf 85' lang='lat' dir='ltr'>penduli</span> <span class='ocrx_word' id='word_1_212' title='bbox 3031 3803 3498 3907; x_wconf 87' lang='lat' dir='ltr'>altitudine,</span> <span class='ocrx_word' id='word_1_213' title='bbox 3555 3834 3643 3894; x_wconf 89' lang='lat' dir='ltr'>ut</span> <span class='ocrx_word' id='word_1_214' title='bbox 3679 3816 4108 3905; x_wconf 82' lang='lat' dir='ltr'>circumfe-</span> 
     </span>
     <span class='ocr_line' id='line_1_29' title="bbox 1422 3909 4106 4039; baseline 0.01 -54"><span class='ocrx_word' id='word_1_215' title='bbox 1422 3909 1673 3988; x_wconf 84' lang='lat' dir='ltr'>rentia</span> <span class='ocrx_word' id='word_1_216' title='bbox 1728 3909 2009 3991; x_wconf 86' lang='lat' dir='ltr'>circuli</span> <span class='ocrx_word' id='word_1_217' title='bbox 2064 3911 2169 3991; x_wconf 89' lang='lat' dir='ltr'>ad</span> <span class='ocrx_word' id='word_1_218' title='bbox 2228 3910 2699 3995; x_wconf 86' lang='lat' dir='ltr'>diametrum</span> <span class='ocrx_word' id='word_1_219' title='bbox 2741 3967 2766 4008; x_wconf 85' lang='lat'><strong>,</strong></span> <span class='ocrx_word' id='word_1_220' title='bbox 2817 3911 2976 3995; x_wconf 77' lang='lat' dir='ltr'>&#39;hoc</span> <span class='ocrx_word' id='word_1_221' title='bbox 3031 3913 3192 4015; x_wconf 87' lang='lat' dir='ltr'>est,</span> <span class='ocrx_word' id='word_1_222' title='bbox 3248 3940 3340 4001; x_wconf 90' lang='lat' dir='ltr'>ut</span> <span class='ocrx_word' id='word_1_223' title='bbox 3403 3946 3550 4031; x_wconf 84' lang='lat'>355</span> <span class='ocrx_word' id='word_1_224' title='bbox 3621 3926 3724 4007; x_wconf 84' lang='lat' dir='ltr'>ad</span> <span class='ocrx_word' id='word_1_225' title='bbox 3771 3952 3972 4039; x_wconf 53' lang='lat'>1213:</span> <span class='ocrx_word' id='word_1_226' title='bbox 4043 3926 4106 4019; x_wconf 79' lang='grc' dir='ltr'>ίί</span> 
     </span>
     <span class='ocr_line' id='line_1_30' title="bbox 1423 4012 4104 4145; baseline 0.013 -49"><span class='ocrx_word' id='word_1_227' title='bbox 1423 4012 1613 4121; x_wconf 68' lang='lat' dir='ltr'>fiat,</span> <span class='ocrx_word' id='word_1_228' title='bbox 1670 4040 1763 4097; x_wconf 88' lang='lat' dir='ltr'>ut</span> <span class='ocrx_word' id='word_1_229' title='bbox 1800 4046 2163 4102; x_wconf 83' lang='lat' dir='ltr'>numerus</span> <span class='ocrx_word' id='word_1_230' title='bbox 2202 4020 2481 4103; x_wconf 85' lang='lat' dir='ltr'>horum</span> <span class='ocrx_word' id='word_1_231' title='bbox 2517 4026 2732 4132; x_wconf 88' lang='lat' dir='ltr'>prior</span> <span class='ocrx_word' id='word_1_232' title='bbox 2755 4018 2872 4105; x_wconf 84' lang='lat' dir='ltr'>ad</span> <span class='ocrx_word' id='word_1_233' title='bbox 2909 4025 3238 4110; x_wconf 84' lang='lat' dir='ltr'>alterum</span> <span class='ocrx_word' id='word_1_234' title='bbox 3259 4092 3285 4132; x_wconf 86' lang='lat'>‚</span> <span class='ocrx_word' id='word_1_235' title='bbox 3341 4032 3451 4115; x_wconf 86' lang='lat' dir='ltr'>ita</span> <span class='ocrx_word' id='word_1_236' title='bbox 3487 4056 3802 4145; x_wconf 86' lang='lat' dir='ltr'>tempus</span> <span class='ocrx_word' id='word_1_237' title='bbox 3859 4048 4104 4133; x_wconf 70' lang='lat' dir='ltr'>unius</span> 
     </span>
     <span class='ocr_line' id='line_1_31' title="bbox 1422 4124 4108 4250; baseline 0.01 -41"><span class='ocrx_word' id='word_1_238' title='bbox 1422 4124 1743 4211; x_wconf 80' lang='lat' dir='ltr'>secundi</span> <span class='ocrx_word' id='word_1_239' title='bbox 1780 4128 2177 4239; x_wconf 83' lang='lat' dir='ltr'>scrupuli,</span> <span class='ocrx_word' id='word_1_240' title='bbox 2235 4132 2392 4213; x_wconf 85' lang='lat' dir='ltr'>five</span> <span class='ocrx_word' id='word_1_241' title='bbox 2433 4134 2833 4239; x_wconf 79' lang='lat' dir='ltr'>sexaginta</span> <span class='ocrx_word' id='word_1_242' title='bbox 2900 4139 3356 4237; x_wconf 88' lang='lat' dir='ltr'>tertiorum,</span> <span class='ocrx_word' id='word_1_243' title='bbox 3413 4146 3516 4227; x_wconf 89' lang='lat' dir='ltr'>ad</span> <span class='ocrx_word' id='word_1_244' title='bbox 3569 4148 3830 4250; x_wconf 72' lang='lat' dir='ltr'>aliud3</span> <span class='ocrx_word' id='word_1_245' title='bbox 3892 4153 4108 4243; x_wconf 86' lang='lat' dir='ltr'>fient</span> 
     </span>
     <span class='ocr_line' id='line_1_32' title="bbox 1438 4239 4110 4377; baseline 0.012 -57"><span class='ocrx_word' id='word_1_246' title='bbox 1438 4239 1691 4352; x_wconf 37' lang='lat'>19⁰2&amp;</span> <span class='ocrx_word' id='word_1_247' title='bbox 1784 4260 2098 4353; x_wconf 83' lang='lat' dir='ltr'>tempus</span> <span class='ocrx_word' id='word_1_248' title='bbox 2132 4240 2534 4324; x_wconf 86' lang='lat' dir='ltr'>descensus</span> <span class='ocrx_word' id='word_1_249' title='bbox 2571 4271 2711 4353; x_wconf 88' lang='lat' dir='ltr'>per</span> <span class='ocrx_word' id='word_1_250' title='bbox 2746 4244 3153 4331; x_wconf 88' lang='lat' dir='ltr'>dimidiam</span> <span class='ocrx_word' id='word_1_251' title='bbox 3178 4255 3505 4363; x_wconf 87' lang='lat' dir='ltr'>penduli</span> <span class='ocrx_word' id='word_1_252' title='bbox 3539 4258 4110 4377; x_wconf 81' lang='lat' dir='ltr'>altitudinem,</span> 
     </span>
     <span class='ocr_line' id='line_1_33' title="bbox 1428 4351 4116 4486; baseline 0.012 -52"><span class='ocrx_word' id='word_1_253' title='bbox 1428 4376 1613 4461; x_wconf 76' lang='lat' dir='ltr'>quae</span> <span class='ocrx_word' id='word_1_254' title='bbox 1646 4376 1932 4463; x_wconf 78' lang='lat' dir='ltr'>nempe</span> <span class='ocrx_word' id='word_1_255' title='bbox 1990 4351 2101 4435; x_wconf 88' lang='lat' dir='ltr'>est</span> <span class='ocrx_word' id='word_1_256' title='bbox 2162 4355 2386 4465; x_wconf 82' lang='lat' dir='ltr'>pedis</span> <span class='ocrx_word' id='word_1_257' title='bbox 2443 4355 2848 4438; x_wconf 87' lang='lat' dir='ltr'>unciarum</span> <span class='ocrx_word' id='word_1_258' title='bbox 2917 4363 3034 4441; x_wconf 86' lang='lat'>18.</span> <span class='ocrx_word' id='word_1_259' title='bbox 3097 4362 3326 4447; x_wconf 89' lang='lat' dir='ltr'>Sicut</span> <span class='ocrx_word' id='word_1_260' title='bbox 3385 4390 3650 4453; x_wconf 86' lang='lat' dir='ltr'>autem</span> <span class='ocrx_word' id='word_1_261' title='bbox 3709 4380 4116 4486; x_wconf 78' lang='lat' dir='ltr'>quadrata</span> 
     </span>
     <span class='ocr_line' id='line_1_34' title="bbox 1411 4454 4114 4593; baseline 0.012 -48"><span class='ocrx_word' id='word_1_262' title='bbox 1411 4482 1863 4575; x_wconf 78' lang='lat' dir='ltr'>temporum</span> <span class='ocrx_word' id='word_1_263' title='bbox 1890 4520 1917 4564; x_wconf 81' lang='lat'>,</span> <span class='ocrx_word' id='word_1_264' title='bbox 1971 4467 2081 4549; x_wconf 84' lang='lat' dir='ltr'>ita</span> <span class='ocrx_word' id='word_1_265' title='bbox 2116 4454 2292 4549; x_wconf 83' lang='lat' dir='ltr'>sunt</span> <span class='ocrx_word' id='word_1_266' title='bbox 2333 4464 2579 4577; x_wconf 82' lang='lat' dir='ltr'>spatia</span> <span class='ocrx_word' id='word_1_267' title='bbox 2613 4466 2770 4552; x_wconf 86' lang='lat' dir='ltr'>illis</span> <span class='ocrx_word' id='word_1_268' title='bbox 2792 4476 3273 4583; x_wconf 84' lang='lat' dir='ltr'>temporibus</span> <span class='ocrx_word' id='word_1_269' title='bbox 3290 4480 3606 4590; x_wconf 63' lang='lat' dir='ltr'>peracta</span> <span class='ocrx_word' id='word_1_270' title='bbox 3624 4548 3653 4590; x_wconf 90' lang='lat'>‚</span> <span class='ocrx_word' id='word_1_271' title='bbox 3707 4496 4114 4593; x_wconf 86' lang='lat' dir='ltr'>quemad-</span> 
     </span>
    </p>

    <p class='ocr_par' dir='ltr' id='par_1_16' title="bbox 2220 4592 4116 4693">
     <span class='ocr_line' id='line_1_35' title="bbox 2220 4592 4116 4693; baseline 0.013 -23"><span class='ocrx_word' id='word_1_272' title='bbox 2220 4592 2223 4595; x_wconf 80' lang='grc'><strong><em>’</em></strong></span> <span class='ocrx_word' id='word_1_273' title='bbox 3759 4605 4116 4693; x_wconf 86' lang='lat' dir='ltr'>modum</span> 
     </span>
    </p>
   </div>
   <div class='ocr_carea' id='block_1_14' title="bbox 4394 4128 4399 5463">
    <p class='ocr_par' dir='ltr' id='par_1_17' title="bbox 4394 4128 4399 5463">
     <span class='ocr_line' id='line_1_36' title="bbox 4394 4128 4399 5463; baseline 0 0"><span class='ocrx_word' id='word_1_274' title='bbox 4394 4128 4399 5463; x_wconf 95' lang='lat' dir='ltr'> </span> 
     </span>
    </p>
   </div>
  </div>
 </body>
</html>
