4517 5784
1328 452 1440 536 m
1833 415 2787 532 CHRISTIANI
2894 437 3557 532 HUGENII

1005 606 1093 655 m
1123 614 1216 648 n·—
1346 585 1414 667 P
1455 582 1765 695 superat
1805 579 2295 692 triangulum
2334 582 2413 664 A
2453 578 2657 684 HL
2700 643 2728 685 ‚
2804 579 2955 664 erit
3012 580 3259 707 igitur
3322 579 3743 668 necess‘ario
3780 579 4037 696 figura

1013 675 1300 778 ῗᾷἵῗῖω.
1334 695 1930 808 circumscripta
1969 695 2232 774 minor
2270 691 2513 806 plano
2556 692 2643 776 P.
2724 688 3068 776 Constat
3095 720 3260 802 jam
3282 756 3311 797 ,
3367 695 3617 806 prima
3655 704 4035 806 temporis

1133 808 1143 816 ’
1351 833 1572 921 parte
1615 817 1687 892 A
1729 809 1807 888 C
1829 872 1860 912 ‚
1915 808 2171 889 minus
2215 803 2552 919 spatium
2594 806 2641 887 a
2680 804 2965 890 mobili
2982 808 3409 889 transmitti
3427 834 3672 919 quam
3696 808 3881 894 fitss
3924 813 4035 921 C,

1344 925 1538 1034 quia
1593 923 1749 1004 hoc
1811 945 2393 1032 percurreretur
2450 917 2735 1002 eodem
2772 941 3129 1027 tempore
3169 919 3248 1002 A
3288 919 3367 1003 C
3410 949 3595 1004 cum
3632 922 4039 1012 celeritate

1337 1033 1722 1144 oequabili
1761 1034 1854 1117 C.
1889 1031 1969 1116 K
2015 1089 2041 1130 ‚
2117 1059 2359 1144 quam
2394 1031 2712 1113 demum
2755 1031 2837 1112 in
2874 1027 3031 1112 fine
3072 1033 3456 1142 temporis
3494 1034 3573 1116 A
3616 1034 3695 1116 C
3736 1038 4038 1125 mobile

1345 1148 1723 1258 adeptum
1757 1141 1903 1228 est.'
1987 1143 2372 1233 Similiter
2410 1141 2748 1226 secunda
2785 1161 3009 1255 parte
3048 1145 3436 1251 temporis
3478 1145 3557 1229 C
3598 1144 3719 1251 E,
3775 1150 4034 1236 minus

1347 1260 1688 1371 spatium
1731 1280 1949 1340 motu
1991 1255 2424 1338 accelerato
2470 1258 3041 1338 transmittetur
3080 1279 3322 1364 quam
3366 1253 3460 1340 fit
3502 1257 3585 1338 D
3628 1258 3699 1340 E
3740 1317 3770 1360 ,
3846 1266 4035 1373 quia

1345 1373 1504 1454 hoc
1567 1392 2142 1482 percurreretur
2198 1367 2483 1451 eodem
2532 1389 2895 1479 tempore
2942 1367 3021 1452 C
3064 1364 3135 1447 E
3175 1422 3205 1465 ,
3276 1395 3459 1450 cum
3490 1367 3898 1456 celeritate
3936 1406 4036 1460 ae-

1349 1484 1646 1592 quabili
1685 1482 1752 1564 E
1800 1484 1886 1567 O
1912 1541 1937 1580 ,
1996 1509 2235 1591 quam
2273 1480 2595 1562 demum
2628 1482 2711 1561 in
2750 1478 2914 1562 fine
2948 1500 3111 1562 tem
3170 1480 3329 1562 oris
3370 1482 3449 1564 C
3492 1479 3563 1564 E
3598 1483 3892 1568 mobile
3924 1488 4037 1572 as·

1341 1588 1732 1707 sequitur.
1851 1595 2122 1703 Atque
2181 1592 2297 1674 ita
2352 1592 2730 1712 ‚deinceps
2770 1655 2799 1695 ‚
2894 1589 3119 1706 singu
3161 1593 3175 1607 ’
3260 1586 3611 1705 partibus
3655 1602 4033 1707 temporis

1353 1712 1431 1791 A
1474 1709 1560 1790 H
1587 1775 1612 1812 ,
1686 1709 1988 1790 minora
2021 1703 2266 1815 spatia
2304 1703 2351 1784 a
2394 1705 2675 1786 mobili
2711 1703 3197 1814 trajicientur
3235 1730 3479 1813 quam
3521 1704 3697 1790 sunt
3736 1707 4037 1795 reitan-

1347 1820 1540 1932 gula
1576 1820 1852 1932 figurae
1890 1815 2509 1927 circumscriptae
2533 1879 2559 1920 ,
2616 1814 2803 1926 ipsis
2844 1816 3190 1926 partibus
3228 1816 3680 1924 adjacentia.
3762 1823 4035 1930 Qare

1349 1954 1610 2015 totum
1651 1931 1990 2044 spatium
2021 1951 2248 2011 motu
2292 1927 2723 2012 accelerato
2756 1927 3206 2040 perastum‚
3264 1929 3523 2014 minus
3564 1931 3716 2014 erit
3753 1931 3921 2044 ipsa
3938 1935 4031 2020 fi-

1011 2143 1019 2152 ·
1185 2103 1192 2109 -
1343 2070 1546 2155 gura
1585 2041 2196 2154 circumscripta.
2257 2041 2619 2153 Spatium
2661 2065 2855 2124 vero
2892 2038 3107 2122 illud
3148 2039 3450 2151 aequale
3490 2042 3838 2154 positum
3875 2043 4033 2132 fuit

1347 2155 1595 2266 plano
1623 2157 1702 2246 -P
1736 2202 1760 2256 3
1831 2182 2029 2267 ergo
2067 2153 2391 2264 planum
2435 2151 2501 2233 P
2543 2151 2803 2234 minus
2842 2178 3179 2262 quoque
3214 2153 3365 2256 erit
3409 2150 3667 2263 figura
3703 2157 4035 2260 circum-

1351 2271 1657 2381 scripta.
1719 2268 1943 2377 quod
1983 2263 2096 2346 est
2136 2263 2552 2346 absurdum
2580 2317 2605 2358 ,
2663 2289 2847 2344 cum
2890 2259 3145 2372 figura
3182 2262 3351 2344 haec
3390 2264 3633 2372 plano
3674 2268 3741 2349 P
3776 2271 4035 2358 minor

1337 2377 1644 2462 ostensa
1684 2377 1942 2462 fuerit.
2007 2375 2228 2487 Ergo
2259 2374 2583 2485 planum
2606 2371 2670 2454 P
2712 2399 2873 2452 non
2892 2374 3135 2480 majus
3154 2369 3265 2452 est
3287 2374 3783 2487 trianguloA
3807 2382 3898 2462 H
3925 2384 4029 2483 L,

1339 2491 1482 2574 sed
1526 2519 1668 2574 nec
1705 2491 1964 2573 minus
2007 2485 2156 2570 effe
2184 2490 2345 2596 jam
2379 2481 2773 2567 ostensum
2806 2479 2987 2566 fuit.
3044 2479 3267 2594 E1go
3300 2485 3603 2594 aequale
3640 2488 3737 2572 fit
3774 2497 4033 2578 neces-

1337 2603 1568 2684 {esest
1593 2652 1616 2704 3
1675 2604 1901 2714 quod
1935 2621 2100 2682 erat
2135 2595 2861 2682 demonstrandum.
2948 2597 2957 2606 ’

1455 2717 1561 2794 Et
1615 2714 1784 2795 haec
1843 2712 2166 2822 quidem
2226 2711 2489 2792 omnia
2544 2735 2723 2820 quae
2784 2705 3157 2789 hastenus
3210 2705 3743 2796 demonstrata
3801 2715 4025 2826 sunt,

1336 2824 1706 2933 gravibus
1764 2851 1907 2932 per
1961 2825 2194 2931 plana
2227 2819 2601 2904 inclinata
2633 2816 3282 2903 descendentibus
3318 2841 3567 2931 atque
3610 2821 4025 2914 ascenden-

1343 2935 1555 3018 tibus
1616 2965 1840 3046 aeque
1894 2963 1986 3016 ac
2054 2930 2812 3044 perpendiculariter
2866 2931 3103 3013 motis
3156 2932 3582 3016 convenire
3624 2932 4023 3024 sciendum

1333 3042 1492 3128 est:
1551 3075 1742 3130 cum
1765 3109 1785 3139 ,
1847 3075 2027 3157 quae
2063 3048 2168 3130 de
2203 3042 2493 3128 effe&u
2528 3041 2935 3156 gravitatis
2972 3039 3227 3151 pofita
3262 3039 3581 3128 fuerunt
3622 3101 3653 3144 ‚
3750 3051 4022 3137 eadem

1342 3159 1649 3242 ratione
1682 3161 2106 3270 utrobique
2145 3154 2296 3236 fint
2336 3153 2849 3238 admittenda.

1449 3269 1678 3353 Hinc
1707 3298 1898 3355 vero
1933 3298 2096 3355 non
2133 3263 2462 3349 difficile
2491 3268 2653 3376 jam
2686 3266 2835 3348 erit
2852 3264 3379 3349 demonstrare
3398 3267 4018 3378 propositionem

1321 3381 1791 3490 sequentem
1829 3409 2070 3492 quam
2095 3379 2440 3461 concedi
2473 3375 2617 3460 fibi
2647 3437 2679 3480 ‚
2752 3398 2853 3459 ut
2905 3377 3505 3487 quodammodo
3560 3408 3703 3490 per
3742 3383 3822 3469 se
3860 3416 4019 3471 ma.

1335 3491 1690 3576 nifestam
1735 3558 1763 3597 ,
1849 3493 2200 3578 Galileus
2243 3485 2699 3599 postulavit.
2776 3516 2957 3572 nam
2992 3485 3551 3574 demonstratio
3592 3491 3734 3576 illa
3772 3523 4017 3607 quam

1329 3601 1604 3713 postea
1658 3603 1957 3688 adferre
2011 3621 2335 3688 conatus
2392 3597 2506 3684 est
2546 3665 2575 3706 ‚
2667 3625 3019 3711 quaeque
3077 3600 3162 3682 in
3216 3598 3625 3709 posteriori
3676 3635 4017 3716 operum

1325 3721 1498 3828 ejus
1535 3717 1884 3800 editione
1922 3738 2143 3800 extat
2181 3771 2209 3814 ,
2306 3739 2585 3822 parum
2620 3710 2845 3794 firma
2876 3739 3059 3796 meo
3094 3713 3421 3825 quidem
3444 3716 3753 3826 judicio
3792 3722 4015 3806 vide·

1322 3851 1486 3912 tur.
1547 3827 1686 3912 Est
1727 3851 1988 3915 autem
2021 3824 2469 3940 propositio
2502 3821 2976 3934 hujusmodi„
3732 3877 3741 3884 -

1324 4091 1330 4096 ·
1774 3987 3245 4140 PRoPoslTio
3390 4035 3584 4144 v1.

1329 4191 2069 4426 CEleritates
2123 4194 2581 4332 gravium
2631 4259 2661 4310 ,
2724 4190 3027 4328 siiper
3080 4193 3471 4326 diverfis
3502 4194 3999 4334 planorum
4080 4295 4099 4314 .

1565 4331 2305 4440 inclinationibus
2348 4331 2961 4469 descendendo
3002 4331 3467 4491 acqfcist'tae
3501 4404 3531 4455 ,
3608 4343 4003 4474 aequales

1296 4479 1538 4620 fimt
1569 4557 1598 4613 ,
1662 4475 1750 4614 fi
1786 4476 2277 4618 planorum
2326 4471 2892 4576 elevationes
2911 4469 3305 4603 suerint
3346 4477 3771 4612 aquales.
3814 4603 3969 4702 1-:1'

2253 4655 2273 4666 -
3918 4647 3999 4702 e-
