4517 5784
1496 425 1659 508 περ,
1900 406 2388 503 CHRIST.
2453 404 2998 499 HUGENH
3043 400 3806 505 INSTITUTIO

1516 552 1854 637 vationis
1907 571 2073 633 uuo
2132 546 2385 661 gradu
2433 544 2928 628 Orientalior
2952 541 3078 625 est
3117 606 3146 649 ,
3219 572 3455 657 quam
3514 552 3977 662 matutinae}
4015 566 4184 650 ‘cert

1510 688 1691 745 -tum
1754 660 1863 745 est
1941 664 2019 744 in
2074 659 2257 741 loco
2311 655 2774 767 vespertina:
2831 650 3396 741 observationis
3459 660 3721 746 Solem
3762 694 3842 775 4.
3883 674 4177 761 minuta
4279 663 4287 671 ’

1512 777 1735 884 ‚prius
1760 795 2316 886 perventurum
2333 767 2480 853 effe
2500 828 2528 879 ‚
2565 765 2666 847 ad
2683 764 3178 849 altitudinem
3207 794 3328 850 1-0.
3351 774 3740 881 graduum
3759 841 3788 882 ‚
3845 806 4091 891 quam
4105 793 4174 876 iu

1516 890 1706 967 loco
1734 886 2170 969 matutina
2299 882 2666 961 Duorum
2697 879 2912 959 enim
2945 876 3306 964 locorum
3347 882 3487 964 sub
3523 887 3804 971 eodem
3841 898 4179 1003 pai-alelo

1476 996 1847 1079 ‘sitorum
1886 1052 1919 1091 ,
1969 1014 2175 1103 quot
2210 990 2502 1105 gradus
2537 1014 2738 1071 unus
2777 989 3028 1071 altero
3069 990 3558 1077 Orientalior
3593 994 3704 1079 est
3747 1060 3776 1103 ‚
3849 1008 4178 1099 totidem

1508 1138 1602 1213 ,4.
1642 1110 1957 1190 minutis
1994 1105 2211 1215 prius
2244 1105 2327 1183 in
2363 1099 2512 1181 illo
2537 1099 3042 1185 observantur
3073 1098 3401 1213 smgulae
3444 1106 3650 1189 Solis
3672 1110 4178 1225 altitudines;

1381 1225 1387 1231 ’
1510 1220 1707 1303 ideo
1746 1218 1797 1300 si
1834 1218 1919 1300 in
1952 1215 2207 1326 priori
2240 1213 2436 1309 ioco
2463 1238 2646 1293 cum
2686 1212 2872 1294 navi
2903 1209 3435 1319 substitissem,
3510 1218 3774 1303 Solem
3817 1226 4176 1349 vesperti-

1516 1340 1624 1412 nzl
1658 1328 2191 1413 observatione
2218 1321 2664 1435 repet-iffem
2705 1322 2808 1407 ad
2845 1321 3344 1407 altitudinem
3370 1352 3492 1407 10.
3515 1332 3901 1438 graduum
3941 1367 4174 1449 quum

1492 1439 1941 1547 horologia
1973 1434 2428 1520 indicabant
2463 1462 2626 1519 nou
2670 1462 2741 1518 2„
2775 1431 3003 1518 horas
3046 1489 3075 1532 ,
3147 1432 3282 1518 sed
3325 1464 3395 1519 2.
3446 1436 3675 1524 horas
3713 1472 3790 1551 4.
3823 1449 4022 1534 min.
4061 1460 4176 1541 ubi

1512 1574 1692 1634 tum
1728 1550 1891 1632 loci
1924 1550 2094 1659 ejus
2130 1543 2764 1659 longitudinem,
2810 1549 3040 1653 juxta
3073 1545 3470 1737 τεῇιὼιω,
3525 1553 3974 1644 invenissem
4025 1584 4166 1675 14³·

1520 1650 1810 1775 gradus}
1831 1660 2249 1745 Orientem
2268 1658 2558 1769 versus.
2615 1658 2778 1744 Sed
2799 1678 3160 1741 certum-e
3247 1715 3276 1755 ‚
3313 1686 3436 1744 me
3451 1664 3534 1743 in
3555 1666 3798 1775 priori
3821 1688 3975 1755 tem
4037 1682 4182 1765 oris·

1520 1772 1869 1858 dimidio
1926 1774 2134 1855 inter
2192 1798 2263 1851 2·.
2310 1769 2896 1854 observationes
2931 1768 3413 1881 progressum
3471 1772 3696 1859 fuiss‘e
3739 1797 3775 1870 ὲ
3807 1803 3946 1892 gra
4005 1816 4125 1873 um
4143 1852 4169 1897 ,

1514 1886 1903 1997 quoniam
1938 1884 2264 1997 ponitur
2299 1946 2325 1986 ,
2401 1910 2528 1964 me
2580 1900 2758 1964 toto
2806 1902 3172 1991 tem-pore
3227 1880 3638 1992 profecisse
3697 1915 3765 1971 1.
3817 1898 4169 2008 gradum,

1528 1998 2195 2107 velocitatemque
2254 1992 2478 2076 fuisse
2533 1990 3022 2102 aequabilem.
3131 1990 3366 2076 Eram
3426 1995 3676 2105 igitur
3729 2008 4046 2093 meridie
4093 2012 4168 2096 iu

1524 2108 2034 2221 longitudine
2058 2132 2197 2217 ‚15.
2238 2106 2630 2218 graduum
2676 2104 3092 2188 Orientem
3135 2102 3444 2213 versuS,
3517 2108 3740 2196 sicuti
3774 2118 3995 2227 prins
4027 2146 4172 2209 erat

1518 2221 1963 2305 inventum..
3777 2276 3822 2295 ψ

1648 2330 1943 2415 Pariter
1998 2326 2259 2442 potest
2301 2328 2814 2414 demonstrari
2855 2394 2884 2437 ,
2979 2324 3460 2443 progressum
3511 2337 3729 2419 navis
3787 2338 4175 2429 Occiden-

1530 2462 1699 2525 tem
1762 2442 2023 2528 versus
2078 2442 2187 2526 nil
2226 2438 2580 2545 obstare,
2653 2442 2790 2525 sed
2825 2442 3176 2553 regulam
3216 2442 3604 2555 sequendo
3643 2510 3670 2551 ,
3743 2448 4023 2539 iterum
4055 2458 4171 2542 in..

1538 2557 1807 2639 venire
1844 2555 2423 2669 longitudinem
2464 2551 2622 2635 loci
2661 2610 2690 2657 ,
2762 2578 3002 2663 quem
3036 2555 3357 2638 meridie
3393 2561 4067 2675 praeternavigasti.

1648 2668 1735 2748 Si
1781 2669 1974 2775 jam·
2018 2664 2280 2749 cursus
2357 2664 2558 2746 inter
2623 2693 2691 2746 2.
2769 2664 3336 2750 observationes
3417 2668 3844 2753 Meridiem
3919 2678 4163 2760 versus

1500 2789 1516 2847 ἒ
1539 2778 1674 2859 vel
1709 2777 2340 2889 Septentrionem
2382 2773 2758 2859 desei-scat
2772 2837 2800 2880 ,
2839 2775 3001 2859 imo
3056 2776 3240 2861 licet
3279 2776 3502 2861 fieret
3543 2779 3841 2866 direste
3863 2786 4177 2898 Septen·

1504 2888 2043 2972 trionem-vel
2080 2888 2482 2972 meridiem
2507 2887 2770 2970 versus
2794 2950 2823 2991 ‚
2879 2888 3127 2970 modo
3161 2906 3500 2999 ponatur
3540 2894 3934 3003 aequabilis
3969 2898 4180 2983 velo-

1528 2998 1729 3081 citas
1770 3062 1795 3101 ,
1887 3000 2153 3083 nullus
2208 2998 2396 3099 inde
2453 2998 2748 3081 orietur
2801 3024 3016 3080 error
3075 2998 3140 3088 fi,
3183 3000 3384 3081 Solis
3421 3002 3768 3088 altitudo
3805 3006 4179 3109 sumatur,

1532 3110 1867 3217 quando
1900 3138 2153 3223 prope
2195 3110 2614 3193 Orientem
2649 3109 2785 3191 vel
2822 3110 3344 3193 Occidentem
3381 3104 3494 3193 est
3524 3178 3553 3217 ,
3629 3116 3916 3225 quibus
3951 3120 4038 3203 in
4074 3121 4182 3204 lo·

1529 3222 1651 3305 cis
1728 3218 1911 3303 alibi
1970 3247 2297 3333 quoque
2366 3219 2670 3302 dietum
2723 3216 2837 3301 est
2934 3224 3242 3330 optime
3319 3218 3492 3305 fieri
3545 3227 4175 3316 observationem.

1533 3331 1791 3416 Ratio
1844 3332 2015 3416 haec
2058 3332 2179 3415 est
2220 3398 2247 3437 ,
2320 3330 2640 3441 quando
2713 3358 2792 3414 2.⁴
2835 3330 3013 3413 loca
3075 3334 3802 3441 Septentrionaliter
3861 3343 3994 3427 vel
4028 3345 4182 3427 Au·-

1532 3439 1857 3525 straliter
1905 3472 1951 3524 a
2006 3444 2085 3529 se
2138 3446 2424 3527 mutuo
2463 3439 2810 3546 distant,
2887 3448 2969 3523 &
3031 3436 3527 3527 solummodo
3591 3474 3656 3528 1.
3707 3448 3841 3532 vel
3903 3482 3978 3535 2.
4025 3481 4189 3567 gra-

1514 3553 1669 3635 dus
1710 3556 1787 3637 in
1828 3555 2241 3657 latitudine
2277 3552 2658 3636 differunt
2698 3616 2725 3655 ,
2775 3549 2838 3633 fi
2885 3550 3024 3632 Sol
3064 3554 3411 3665 respestu
3453 3558 3678 3641 unius
3735 3560 3900 3644 loci
3939 3568 4027 3649 in
4073 3570 4190 3653 O-

1524 3666 1773 3747 riente
1830 3665 1957 3750 vel
2018 3664 2470 3747 Occidente
2526 3662 2872 3745 versetur
2911 3715 2941 3756 ,-
3021 3666 3127 3748 ad
3179 3688 3468 3748 certam
3525 3664 3752 3779 supra
3815 3672 4200 3764 horizon.

1524 3795 1684 3857 tem
1741 3776 2235 3860 altitudinem
2271 3832 2302 3874 ,
2375 3775 2614 3859 etiam
2669 3796 2907 3885 quam
2967 3778 3324 3885 proxime
3373 3778 3655 3859 eodem
3693 3804 4062 3889 tempore
4103 3796 4200 3878 ad
4243 3888 4248 3893 ‚

1514 3886 1853 3969 eandem
1904 3890 2405 3971 altitudinem
2466 3885 2699 3997 supra
2753 3886 3248 3968 horizontem
3305 3888 3620 3972 alterius
3659 3890 3814 3974 loci
3855 3921 4201 4007 appare.

1516 3994 1661 4075 bit.
1779 3997 1905 4077 Ita
1958 4020 2049 4079 ut
2100 3998 2583 4104 comperiam
2623 4057 2653 4099 ,
2743 3998 2932 4079 licet
3009 4000 3226 4082 navis
3303 3998 3507 4081 inter
3574 4006 4056 4094 matutinam
4115 4024 4196 4099 ὃς

1523 4102 2048 4215 vespertinam
2104 4105 2719 4188 observationem
2777 4136 2845 4188 2.
2913 4109 3197 4216 gradus
3253 4112 3662 4220 navigaret
3703 4167 3730 4208 ,
3807 4124 4058 4227 quod
4099 4153 4205 4209 ra-

1516 4242 1612 4297 ro
1647 4218 1775 4301 vel
1814 4242 2211 4326 nunquam
2249 4216 2546 4298 accidit
2584 4278 2608 4315 ,
2689 4216 2990 4299 nullum
3045 4240 3307 4300 tamen
3368 4223 3450 4302 in
3509 4220 4040 4335 longitudine
4093 4263 4211 4322 et·

1516 4354 1771 4414 rorem
1862 4326 2051 4415 hinc
2120 4328 2311 4414 oriri
2384 4324 2602 4438 poss'e
2635 4392 2666 4436 ,
2763 4326 2896 4410 vel
2971 4350 3268 4413 tantum
3338 4358 3766 4441 paucorum
3847 4344 4214 4434 minuto.

1498 4443 1712 4525 ru'rn'.

4007 4574 4211 4661 1³1ae-
