4517 5784
704 350 714 357 ⁸
810 414 1587 513 H0·R0Loc;·=.
1702 418 2682 513 osc1LL<AToR.
2989 436 3134 517 ,ει

443 556 867 668 recurfibus
905 561 1304 665 indicant,
1360 552 1460 641 ad
1500 558 1670 641 haec
1714 560 2080 668 usurpare
2138 559 2592 668 possumus;
2654 558 2786 644 sed
2829 570 2909 646 &
2975 564 3126 651 alia
3155 585 3464 643 numm

440 682 923 787 quicunque
962 673 1299 785 penduli
1340 670 1843 781 longitudine
1904 669 2296 753 instruitis
2357 672 2870 785 propositum,
2911 675 3116 757 obti-
3141 660 3402 763 33:32*

440 788 748 870 nebitur
767 844 795 885 ,
852 784 1297 871 dummodo
1332 808 1433 864 ex
1478 804 1819 864 rotarum
1861 784 2502 893 proportionibus
2525 849 2552 888 ‚
2608 783 3114 871 seurdentium

440 924 763 979 numero
800 962 828 1003 ‚
920 892 1437 1009 cognoscatur
1511 918 1872 975 numerus
1952 893 2536 975 oscillationum
2613 919 2832 979 certo
2909 922 3110 982 tem-

377 1004 385 1011 *
434 1026 629 1119 pore
668 1014 1309 1120 peragendarum.
1430 1003 1776 1112 Invento
1830 1004 2037 1085 enim
2094 1004 2447 1115 pendulo
2486 1005 2826 1114 simplici
2865 1068 2884 1099 ,
2967 1039 3106 1095 cu,-

422 1126 549 1229 jus
608 1121 1055 1201 librationes
1114 1112 1435 1226 smgulae
1492 1085 1975 1199 c³onveniant
2030 1115 2161 1199 vel
2222 1114 2544 1225 singulis
2583 1178 2612 1218 ,
2703 1119 2830 1203 vel
2911 1122 3104 1205 binis

428 1230 767 1313 ternisve
819 1226 1243 1312 recursibus
1296 1225 1695 1338 horologii
1733 1289 1760 1331 ,
1868 1222 2251 1307 constabit
2316 1230 2472 1334 jam
2545 1227 2732 1309 hinc
2772 1293 2814 1333 ‚.
2895 1258 3108 1341 quot.

426 1343 767 1451 penduli
796 1341 999 1423 illius
1042 1340 1258 1421 vices
1302 1338 1513 1421 horae
1550 1340 1805 1449 {patio
1826 1336 2367 1449 transigantur.
2428 1341 2782 1445 Qun-um
2827 1370 3100 1429 nume.

423 1479 558 1533 tus
596 1454 649 1535 fi
692 1452 1123 1562 quadretur
1163 1513 1189 1553 ‚
1264 1450 1417 1531 erit
1470 1468 1562 1531 ut
1600 1448 2075 1559 quadratum
2118 1454 2161 1531 ἐ
2203 1452 2464 1556 3600,
2522 1478 2848 1535 numero
2893 1452 3100 1539 scru-

422 1563 792 1675 pulorum
852 1560 1367 1644 secundorum
1428 1558 1701 1643 horam
1754 1586 1991 1641 unam
2052 1554 2566 1642 efficientium
2615 1618 2638 1656 ,
2725 1565 2828 1645 ad
2903 1592 3100 1673 qua„-

424 1678 738 1757 dratum
794 1672 1005 1756 illius
1065 1672 1373 1754 numeri
1428 1732 1455 1772 ,
1527 1671 1639 1751 ita
1692 1670 2117 1781 longitudo
2170 1670 2498 1781 penduli
2559 1672 2924 1784 simplicis
2965 1678 3140 1761 in·=

424 1788 712 1887 venti,
795 1786 1021 1895 (quae
1107 1780 1531 1893 longitudo
1587 1780 1884 1892 semper
1942 1782 1987 1861 a
2064 1781 2368 1892 punito
2425 1780 2930 1895 suspensionis
2984 1790 3090 1871 ad

420 1919 774 1979 centrum
833 1892 1349 1977 oscillationis
1404 1892 1868 2001 accipienda
1918 1890 2079 2002 est)
2140 1893 2243 1973 ad
2280 1890 2862 2005 longitudinem
2897 1926 3088 2007 pen.

416 2008 593 2089 duli
632 2004 843 2087 illius
882 2003 1173 2087 horarii
1208 2000 1661 2115 tripedalis3
1716 2003 1945 2112 quod
1982 2006 2349 2088 diximus.
2415 2004 2605 2089 Hoc
2639 2008 2848 2090 enim
2902 2012 3088 2093 inde

417 2114 765 2207 constat,
830 2117 1055 2227 quod
1088 2116 1429 2199 duorum
1467 2116 1941 2223 quorumvis
1981 2115 2509 2227 pendulorum
2549 2116 3086 2231 longitudines
3177 2196 3183 2203 .

419 2228 605 2312 sunt
678 2230 881 2310 inter
940 2227 1015 2307 se
1055 2290 1082 2329 ‚
1158 2224 1353 2307 ficut
1409 2226 1790 2335 quadrata
1828 2247 2270 2339 temporum
2306 2227 2592 2336 quibus
2635 2230 2952 2343 fingulae
2993 2262 3084 2313 o-

417 2339 893 2422 scillationes
946 2334 1342 2419 transeunt
1360 2382 1385 2434 3
1444 2338 1792 2447 ideoque
1834 2340 2308 2422 contrariam
2369 2342 2746 2423 rationem
2791 2343 3082 2427 habent

410 2451 979 2562 quadratorum
1018 2449 1061 2527 ἓι
1116 2448 1453 2529 numeris
1481 2501 1505 2539 ,
1560 2475 1767 2553 quos
1804 2449 2161 2527 efficiunt
2198 2448 2721 2531 oscillationes
2759 2453 3086 2557 :equali-

408 2564 561 2646 bus
604 2582 1053 2671 temporum
1090 2553 1519 2639 intervallis
1542 2554 1893 2664 peraetoe.
1968 2556 2191 2636 Nam
2217 2619 2244 2658 ‚
2303 2582 2488 2637 cum
2530 2556 2900 2642 haetenus
2939 2590 3080 2643 ex-

411 2673 797 2789 perientia
850 2690 1159 2753 tantum
1224 2666 1825 2775 comprobatum
1878 2661 2117 2747 fuerit
2176 2664 2628 2751 Theorema
2665 2667 2916 2769 illud,
2973 2673 3076 2757 de

408 2784 949 2898 pendulorum
1008 2777 1689 2889 longitudinibus;
1748 2804 1871 2859 eas
1938 2804 2223 2888 nempe
2277 2778 2758 2889 duplicatam
2797 2779 3074 2868 habere

401 2899 785 2979 rationem
848 2913 1295 3001 temporum
1318 2945 1343 2985 ‚
1360 2887 1687 3079 n{uibus
1744 2887 2260 2971 oscillationes
2319 2890 2639 2999 fingulae
2683 2918 3073 3004 peragun-

398 3030 583 3101 ειη-ς
642 3031 851 3085 nunc
906 3007 1069 3111 eJus
1124 3000 1359 3080 demo
1482 2998 1683 3079 ratio
1740 3022 1839 3079 ex
1902 2999 2249 3109 superius
2306 3002 2616 3083 traditis
2673 3003 3074 3091 manifesta

390 3118 537 3201 est.
598 3114 819 3200 Cum
852 3113 1063 3193 enim
1100 3106 1665 3191 ostenderimus
1690 3160 1715 3202 ,
1770 3106 2117 3219 smgulos
2150 3107 2500 3191 recursus
2523 3111 2891 3220 penduli,
2949 3115 3069 3197 in..

390 3251 521 3313 ter
562 3224 965 3337 cycloides
1006 3220 1383 3332 suspenfi,
1434 3220 1540 3303 ad
1574 3215 1832 3300 casum
1890 3218 2610 3333 perpendicularem
2637 3278 2665 3319 ,
2724 3226 2769 3305 ὲ
2825 3223 3062 3310 dimi-

388 3341 537 3424 dia
574 3334 899 3450 penduli
941 3332 1489 3443 longitudine,
1538 3352 1829 3413 certam
1864 3338 2243 3415 rationem
2299 3332 2624 3427 habene,
2701 3361 2872 3417 eam
2915 3338 3063 3421 sci·

388 3452 589 3535 licet
632 3472 871 3555 quam
910 3441 1541 3527 circumferentia
1574 3441 1849 3524 circuli
1888 3444 1989 3524 ad
2040 3444 2508 3529 diametrum
2553 3444 2761 3528 suam
2781 3492 2810 3545 3
2871 3446 3060 3532 faci-

384 3568 462 3651 le
501 3560 689 3643 hinc
729 3556 1183 3665 colligitur,
1236 3578 1598 3665 tempora
1632 3552 2209 3637 oscillationum
2244 3556 2326 3637 in
2363 3556 2674 3640 duobus
2692 3558 3060 3668 pendulis

384 3676 541 3763 effe
582 3672 785 3751 inter
821 3665 895 3748 se
916 3718 935 3752 ‚
992 3662 1193 3747 ficut
1226 3684 1581 3775 tempora
1610 3664 2011 3748 descensus
2054 3666 2722 3775 perpendicularis
2773 3694 2876 3748 ex
2933 3672 3058 3750 di-

380 3783 651 3873 midiis
687 3804 959 3861 eorum
1026 3772 1593 3856 altitudinibus.
1654 3778 1861 3881 Qae
1922 3775 2380 3858 altitudines
2427 3774 2778 3857 dimidiae
2801 3838 2826 3877 ,
2883 3774 3050 3861 five
3153 3808 3162 3816 ·

265 3894 275 3901 ’
374 3902 629 3985 etiam
670 3912 861 3974 totae
883 3952 911 3993 ‚
967 3911 1151 3968 cum
1190 3882 1521 3966 habeant
1568 3884 1949 3964 rationem
2007 3882 2498 3993 duplicatam
2549 3902 2996 3996 temporum
3016 3946 3045 3989 ,

362 4004 673 4127 -quibus
712 3998 897 4113 ipsae
934 3993 1305 4080 descensu
1340 3992 1965 4107 perpendiculari
1996 4016 2556 4105 percurruntur
2595 3997 2696 4093 ’ἢ
2751 4000 3096 4117 εκάεωζ
3123 4008 3262 4070 ΜΡ·
3296 4008 3344 4065 ⁸·'

372 4138 721 4237 quoque
758 4108 1236 4220 duplicatam
1272 4106 1655 4189 rationem
1694 4104 2087 4188 habebunt
2121 4110 2573 4217 temporum
2614 4174 2642 4214 ‚
2715 4137 2900 4221 quae
2954 4143 3046 4195 o·
3096 4082 3180 4135 ’ω’
3199 4084 3246 4162 ῗ’

370 4226 859 4321 scillationes
878 4218 985 4301 fin
992 4218 1212 4333 gulas
1230 4217 1685 4301 metiuntur.
1746 4218 1881 4301 Ab
1896 4216 2510 4317 oscillationibus
2531 4240 2787 4303 autem
2811 4222 3050 4305 mini-

366 4348 529 4431 mis
572 4330 945 4448 penduli,
1002 4333 1207 4413 inter
1265 4329 1663 4439 cycloides
1716 4326 2057 4435 suspensi
2096 4390 2122 4427 ,
2176 4354 2338 4408 non
2393 4328 2776 4413 differunt
2814 4332 3045 4417 senfi-

358 4458 633 4545 biliter
686 4440 1211 4532 oscillationes
1269 4436 1605 4524 minimae
1671 4438 2001 4548 penduli
2043 4436 2414 4637 fimfgicis
2435 4500 2464 4544 ‚
2517 4443 2736 4552 cujus
2773 4444 3082 4529 eadem.
3209 4542 3213 4547 ⁸

438 4602 443 4612 .
2342 4572 2384 4662 3
2937 4554 3038 4665 fit
