4517 5784
981 442 2585 541 CONT'ROVERSIA.
2984 485 3147 572 247·

439 625 452 662 τ
491 585 674 680 'uid
699 581 1175 680 observem,
1219 581 1574 672 ,eandem
1610 583 1816 666 viam
1847 577 2099 664 fuerat
2137 581 2447 669 secutus
2486 647 2513 688 ‚
2586 583 2720 668 sed
2762 615 2943 674 cum
2984 624 3129 678 nec

459 709 522 794 ss
555 731 676 786 am
716 701 820 787 ad
857 696 1102 782 finem
1139 721 1398 804 usque
1430 692 1653 804 sequi
1693 695 2042 806 potuerit
2085 757 2130 800 ,‚
2187 722 2409 779 novo
2464 697 2652 782 inde
2710 704 3125 788 ratiocinio

442 815 806 928 ejusdem
842 806 1272 894 difficultas
1307 803 1736 921 colligittui

562 922 1014 1012 Obstrifims
1053 917 1224 1002 sum
1265 919 1405 1004 Dff·
1449 917 1863 1001 Bernoulli
1909 978 1928 1009 ,
2013 919 2250 1027 quod
2286 919 2591 1032 semper·
2622 922 2703 1003 in
2745 923 2891 1008 hac
2932 955 3128 1008 con.

457 1036 828 1126 troversia
870 1061 926 1120 a.
949 1032 1158 1118 meis,
1181 1029 1528 1141 partibus
1567 1025 1864 1113 steterit
1899 1031 2273 1114 adversus
2320 1034 2490 1116 Du?
2540 1035 2925 1118 Abbatem
2966 1041 3125 1122 Ca-

453 1153 832 1240 oelanurn.
958 1144 1260 1234 Interea
1295 1167 1456 1222 non
1495 1141 1733 1256 potui
1781 1144 2196 1250 concipere
2233 1205 2260 1246 ,
2334 1169 2501 1253 quo
2540 1147 2773 1254 paeto
2814 1205 2841 1246 ,
2917 1149 3129 1258 post-

521 1287 705 1348 uam
763 1257 976 1343 dixit
1025 1251 1654 1367 propofitionem
1705 1279 1954 1340 meam
2015 1251 2681 1339 fundamentalem
2716 1257 2817 1339 de
2852 1283 3127 1342 centro

437 1291 998 1458 gscilladonis
1064 1364 1418 1484 pendere·
1459 1391 1520 1446 ar..
1559 1390 1855 1482 magno
1896 1363 2042 1445 illo
2079 1365 2530 1476 principio,
2586 1365 2879 1450 scilicet
2922 1371 3125 1482 quod

449 1507 830 1570 commune
879 1494 1226 1562 centrum
1269 1475 1716 1590 gravitatis
1766 1473 2102 1588 plurium
2158 1480 2567 1587 ponderum
2606 1503 2751 1558 non
2788 1483 3001 1590 poffit
3038 1511 3126 1564 a-

426 1596 784 1709 fiendere
820 1588 1062 1676 altius
1091 1609 1226 1701 per
1245 1591 1695 1700 gravitatis
1729 1609 1986 1670 eorum
2023 1585 2437 1694 effectum,
2494 1615 2736 1700 quam·
2768 1592 2963 1674 unde
2996 1595 3126 1675 de-

427 1707 736 1820 stendit
774 1768 802 1813 ,
876 1707 960 1787 in
1021 1699 1528 1812 sequentibus
1576 1719 1832 1783 vertat
1890 1723 2178 1785 contra
2201 1727 2329 1784 me
2361 1703 2769 1811 quoddam
2815 1707 3124 1790 ratioci-

431 1821 661 1906 nium
686 1883 713 1925 ,
767 1809 1644 1927 quemadmodumipse
1679 1809 2110 1894 confitetur
2129 1877 2178 1916 h
2231 1812 2659 1918 incertum,
2716 1843 2806 1896 ac
2840 1813 3125 1928 sipos-

440 1932 562 2022 fiet
620 1928 1078 2014 indubium
1135 1949 1424 2006 vocare
1481 1925 1890 2006 veritatem
1941 1922 2170 2034 hujus
2225 1924 3122 2037 ipfi‘us'propofitionis.;

441 2069 634 2126 cum
733 2039 942 2121 otius
983 2033 1300 2118 deberet
1339 2033 1818 2116 concludere
1854 2091 1880 2132 ‚
1953 2032 2028 2117 se
2064 2035 2337 2118 errass‘e
2382 2038 2465 2118 in
2503 2035 2645 2118 suo
2686 2039 3120 2122 ratiocinio.

565 2158 642 2236 A
711 2151 826 2232 -id
866 2173 1118 2249 vero,
1165 2145 1396 2253 quod
1427 2143 1627 2229 mihi
1668 2148 2056 2254 imputat,
2113 2176 2240 2230 me
2278 2148 2358 2228 in
2400 2149 2657 2260 prima
2688 2150 3125 2260 responfio-

443 2291 544 2353 ne
599 2255 1172 2346 nonsrefutass‘e
1233 2254 1516 2342 falsum
1563 2256 1701 2337 DF}
1752 2258 2074 2342 Abbatis
2117 2259 2601 2371 principium
2642 2325 2671 2363 ,
2746 2261 2997 2368 idque
3035 2265 3136 2348 in,

443 2375 916 2484 ultima-non
935 2365 1296 2451 refellisse
1335 2391 1478 2480 per
1511 2367 1816 2450 causam
1850 2373 2020 2478 ejus
2039 2370 2446 2484 Phyficam
2469 2434 2493 2473 ,
2532 2372 2967 2480 respondeo
2988 2403 3123 2456 me.

427 2489 538 2574 in·
567 2487 814 2598 prima
851 2477 1348 2590 responfione
1383 2479 1788 2560 credidisse
1811 2543 1836 2579 ,
1875 2483 2226 2560 sufficere
2259 2543 2285 2581 ,
2362 2480 2418 2558 fi
2461 2481 2792 2564 evidens
2831 2483 3116 2568 vitium

429 2596 934 2702 ostenderem·
966 2593 1060 2671 in·
1087 2585 1551 2688 ratiocinio,
1602 2588 1830 2693 quod
1870 2587 2068 2669 mihi
2107 2590 2561 2700 opponitur
2586 2653 2613 2694 ,
2684 2589 2868 2674 licet
2905 2592 3113 2675 ulte·

435 2711 595 2791 rius
627 2709 830 2790 hanc
868 2701 1265 2786 materiam
1299 2720 1466 2778 non
1501 2698 2021 2781 examinarem
2057 2743 2080 2798 ς
2177 2702 2273 2783 ln
2324 2701 2799 2812 exceptione
2850 2724 3109 2788 autem

431 2827 516 2904 ,8,
557 2817 782 2932 junii
827 2819 1085 2921 1684„
1121 2807 1294 2922 pari
1341 2810 1515 2918 jure
1573 2835 1758 2890 cum
1797 2811 1952 2894 Du?
2017 2811 2424 2895 Bernoulli
2464 2812 2759 2923 possem
2798 2836 3111 2925 perten-

440 2933 624 3014 dere
686 2957 810 3011 me
865 2928 952 3009 id
1012 2920 1261 3035 princi
1328 2921 1492 3000 ium
1554 2918 1912 3005 refutass'e
1966 2949 2114 3033 per
2181 2923 2418 3005 suam-
2455 2923 2770 3007 >causam
2834 2925 3108 3036 Phyfi-
3220 3007 3229 3024 ,

441 3070 611 3124 cam
657 3094 682 3135 ,
764 3037 1142 3147 quoniam
1197 3059 1250 3112 o
1365 3031 1502 3116 ndi
1546 3085 1591 3128 ‚‚
1665 3059 1752 3126 re
1813 3059 2102 3142 ugnare
2135 3034 2355 3126 illud·
2385 3060 2673 3145 magno
2714 3029 3113 3147 principio

440 3147 776 3236 naturali
810 3144 1012 3258 quod
1045 3163 1355 3252 corpora
1377 3133 1679 3249 g'ra‘in'a
1697 3059 1964 3252 ῃξοητὲ
2001 3123 2150 3223 no'ri
2174 3143 2439 3254 poffint
2480 3145 2885 3255 ascendere.

561 3259 835 3346 Credo
868 3258 1078 3339 enim
1100 3318 1129 3358 ,
1183 3254 1267 3333 in
1287 3253 1440 3335 hoc
1463 3279 1685 3362 aeque
1707 3251 2113 3337 consistere
2130 3255 2435 3338 causam
2457 3255 2861 3368 Phyficam
2883 3257 3113 3366 hujus

443 3369 936 3488 phaenomeni
961 3422 988 3463 ‚
1029 3364 1326 3449 scilicet
1365 3364 1590 3472 quod
1627 3365 1708 3450 in
1735 3363 2086 3475 pendulo
2105 3367 2544 3478 compofito
2566 3369 2910 3478 pondera
2934 3373 3005 3449 A
3025 3377 3109 3450 ὃς

441 3489 547 3582 Β,
579 3511 759 3565 cum
805 3477 1344 3562 descenderint
1370 3473 1706 3586 junfflm
1747 3477 1849 3560 ad
1887 3500 2186 3587 patrem
2204 3478 2558 3563 infimam
2585 3481 3110 3564 vibrationum

441 3599 748 3678 suarum
772 3653 798 3694 ‚
855 3617 1012 3670 non
1051 3589 1461 3696 acquirant
1502 3582 1730 3690 simul
1769 3609 2064 3670 tantam
2105 3591 2609 3674 velocitatem
2640 3648 2665 3688 ,
2724 3615 3105 3700 quantam

438 3698 1012 3816 acquifiviffent
1033 3697 1438 3805 separatim
1460 3723 1560 3778 ex
1581 3698 1854 3783 iisdem
1875 3699 2416 3785 altitudinibus
2440 3701 2820 3800 cadentia,
2860 3725 3105 3806 quam

437 3824 521 3906 in
561 3846 704 3912 e0,
760 3808 982 3924 quod
1021 3807 1334 3920 pondus
1375 3809 1460 3888 A
1487 3807 1894 3890 consumat
1953 3831 2232 3918 „artem
2274 3810 2667 3891 suimotus
2686 3810 2996 3914 agendo
3020 3808 3103 3890 in

440 3922 828 4044 punctum
865 3919 1116 4002 fixum
1155 3915 1224 4002 F
1251 3971 1277 4010 ‚
1340 3919 1576 4024 juxta
1618 3916 1904 3998 demon
2011 3917 2348 3999 ationem
2392 3918 2529 4001 Du}
2575 3919 2979 4000 Bernoulli
3016 3933 3097 4006 &

437 4039 582 4128 Dei
611 4032 1097 4118 Marchionis
1115 4028 1218 4110 de
1237 4022 1718 4137 l’l-lospital;
1761 4025 1869 4107 Et
1886 4025 2160 4109 adhoc
2179 4029 2655 4112 credendum
2693 4057 2792 4113 ex
2831 4061 2927 4114 eo
2964 4033 3099 4114 ad-

439 4156 750 4242 ducor,
798 4142 1024 4254 quod
1047 4139 1248 4251 saepe
1267 4156 1532 4250 pereat
1568 4163 1740 4247 pars
1761 4159 2046 4244 motuS,
2087 4139 2269 4222 licet
2292 4140 2501 4225 hunc
2522 4145 2601 4224 in
2622 4141 2894 4252 aliquo
2912 4143 3097 4226 affe-

438 4265 572 4348 ἂι]
593 4257 904 4342 edendo
924 4251 1310 4352 consumi,
1345 4245 1720 4334 affirmare
1741 4277 1899 4332 non
1923 4249 2347 4360 pofl‘umuS,
2388 4273 2479 4340 ut
2514 4256 2595 4336 in
2635 4253 2893 4336 multis
2914 4252 3104 4336 cafi-

439 4377 581 4466 bus
601 4363 1102 4486 percussionis
1123 4360 1458 4449 duorum
1477 4387 1897 4473 corporum
1915 4361 2289 4444 durorum
2310 4425 2337 4467 ‚
2361 4366 2597 4474 juxta
2614 4363 2696 4446 id
2719 4363 2943 4474 quod
2960 4365 3104 4556 pb-

2990 4503 3107 4558 er·
