4517 5784
984 436 2619 561 coNTRovERS1A‚·
3001 395 3170 568 μή

1760 660 1848 750 V

770 752 1175 947 Objefflb
1226 796 1622 907 Abbatis
1668 726 2107 907 Catelani
2146 824 2474 905 contra
2519 822 2864 907 motum

1092 940 1711 1087 Pendulorum
1779 948 1877 1045 in
1926 934 2520 1075 Cycloidibus.

469 1163 639 1372 Si
674 1159 799 1247 vis
840 1158 1246 1273 gravitatis
1301 1176 1565 1273 ageret
1606 1156 1691 1241 in
1734 1183 2067 1271 corpora
2100 1178 2481 1267 tanquam
2515 1157 2598 1241 in
2629 1156 2927 1270 punsta
2953 1161 3152 1249 ‘Mac

609 1266 1033 1355 thematica
1075 1332 1097 1363 ,
1176 1268 1307 1355 vel
1366 1270 1419 1352 fi
1464 1270 1515 1352 s
1559 1272 1801 1355 atium
1840 1291 2302 1355 contentum
2341 1270 2486 1351 sub
2523 1271 2922 1382 Cycloide
2959 1274 3148 1359 effet

462 1383 871 1468 divisibile
932 1384 1015 1465 in
1052 1378 1395 1489 infinitas
1438 1298 1624 1464 allius
1670 1382 2109 1495 Cycloides
2147 1438 2175 1481 ,
2250 1379 2527 1470 similes
2571 1388 2653 1465 δε
2691 1384 3146 1495 parallelas3

454 1496 793 1607 quidam
828 1494 1284 1579 Geometrae
1316 1496 1615 1577 'revera
1668 1492 2315 1579 demonstrassent
2355 1556 2383 1597 ,
2441 1495 2561 1575 uti
2602 1494 3142 1604 contendunt,

472 1606 818 1719 pendula
853 1606 1074 1688 illam
1106 1604 1387 1689 debere
1430 1606 1863 1690 describere
1904 1632 2228 1689 curvam
2275 1626 2366 1687 ut
2406 1606 2906 1692 Vibrationes
2931 1670 2952 1701 ,
3039 1640 3145 1694 ae.

452 1718 830 1829 qualibus
852 1718 1385 1828 temporibus,
1438 1738 1819 1829 peragant
1844 1761 1871 1817 3
1924 1712 2059 1799 sed
2100 1716 2315 1799 nulla
2354 1717 2586 1799 datur
2627 1745 2804 1826 pars
2844 1722 2926 1801 in
2966 1747 3143 1805 cor·

466 1858 662 1941 pore
702 1831 980 1941 gravi,
1035 1826 1271 1939 quale
1310 1826 1421 1911 est
1442 1828 1891 1911 ‘Pendulum
1932 1854 2033 1911 ex
2070 1854 2322 1939 cupro
2355 1826 2484 1912 vel
2524 1828 2893 1939 plumbO,
2951 1858 3138 1943 quae

452 1968 629 2023 non
670 1966 897 2052 aeque
936 1966 1029 2022 ac
1070 1959 1423 2022 centrum
1443 1939 1856 2022 Tellurem
1897 1941 2161 2023 versus
2202 1937 2696 2052 propellatur
2729 1942 2974 2055 magis
2997 1948 3138 2028 mi-

466 2080 718 2136 nusve
778 2076 931 2164 pro
988 2049 1497 2134 inclinatione
1536 2108 1565 2151 ,
1644 2055 1876 2163 Juxta
1933 2076 2170 2163 quam
2226 2072 2595 2135 movetur
2632 2100 2659 2154 3
2755 2054 3138 2140 Praeterea

462 2162 807 2274 spatium
841 2226 868 2267 ,
1004 2161 1170 2247 uod
1209 2165 1564 2247 continet
1597 2162 1941 2275 Cyclois
1963 2228 1989 2268 ,
2062 2192 2224 2246 non
2263 2161 2522 2275 potest
2557 2162 2839 2275 repleri
2875 2164 3135 2251 infini-

450 2278 567 2356 'tis
587 2274 754 2358 aliis
776 2274 962 2385 Cyc
998 2274 1307 2357 oidibus
1348 2275 1762 2380 similibus,
1818 2276 2195 2386 quoniam
2232 2275 2470 2385 tripla
2508 2276 2782 2360 circuli
2806 2276 3136 2389 superfi-

455 2386 617 2468 cies
634 2387 959 2496 aequalis
981 2383 1167 2466 esset
1185 2386 1444 2496 duplo
1467 2388 1858 2495 quadrato
1877 2386 2263 2470 diametri.
2329 2390 2562 2469 Latet
2588 2387 2837 2496 igitur
2872 2390 3133 2477 adhuc

460 2494 914 2580 Geometras
950 2558 975 2598 ,
1052 2522 1471 2603 quamnam
1532 2498 1815 2581 lineam
1846 2524 2171 2579 curvam
2206 2494 2586 2574 describat
2641 2496 3080 2581 Pendulum
3103 2564 3134 2606 ,

454 2609 690 2715 cujus
729 2605 1231 2693 Vibrationes
1272 2602 1451 2685 sunt
1486 2596 1946 2683 isochronae.
2060 2600 2657 2707 Consequentia
2673 2603 2841 2685 haec
2881 2628 3131 2714 patet,

466 2714 529 2797 fi
570 2716 1139 2800 confideremus
1161 2771 1188 2812 ‚
1243 2714 1327 2795 in
1369 2740 1509 2796 cor·
1568 2740 1701 2795 ore
1744 2710 2113 2797 Pendulo
2152 2774 2178 2817 ,
2239 2710 2565 2823 quando
2603 2734 2957 2797 centrum
3000 2720 3132 2802 vel

454 2825 615 2912 alia
670 2827 1047 2940 quaelibet
1104 2850 1283 2937 pars
1344 2826 1526 2937 Cyc
1558 2824 1827 2909 oidem
1882 2822 2272 2937 percurrit
2307 2887 2335 2928 3
2407 2844 2664 2935 partes
2715 2827 3133 2915 viciniores

462 2941 679 3046 Axi,
718 2940 853 3025 vel
887 2939 1071 3022 inde
1111 2936 1565 3021 remotiores
1589 3001 1618 3040 ‚
1650 2937 1935 3019 eodem
1972 2958 2374 3048 tempore,
2427 2934 2852 3019 describere
2889 2941 3132 3026 lineas

452 3076 745 3133 curvas
786 3052 988 3130 inter
1020 3045 1098 3129 se
1136 3045 1417 3130 similes
1459 3109 1488 3151 3
1562 3046 1698 3129 sed
1751 3074 1933 3155 quae
1992 3074 2156 3128 non
2214 3046 2398 3127 sunt
2457 3046 2892 3157 Cycloides
2929 3094 2959 3149 3
3033 3072 3163 3151 ut,

456 3178 683 3271 patet
738 3184 843 3242 ex
902 3156 1139 3241 dietis
1176 3211 1206 3254 ,
1305 3164 1388 3239 &
1451 3156 1648 3266 quia
1707 3157 1790 3238 in
1848 3158 2141 3267 quovis
2200 3182 2386 3237 arcu
2445 3159 3129 3267 perpendiculares

448 3268 799 3373 dustaee
836 3268 1334 3381 tangentibus
1367 3268 1525 3351 ’suis
1564 3266 1667 3354 ad
1704 3286 2105 3380 tangentes
2162 3265 2582 3379 Cycloidis
2640 3267 2817 3352 sunt
2861 3298 3127 3381 aequa·

453 3378 591 3464 les.
653 3382 965 3466 Omnes
1005 3382 1273 3491 itaque
1314 3402 1572 3491 partes
1611 3406 1769 3462 non
1809 3379 2093 3468 habent
2132 3377 2515 3489 aequalem
2540 3378 3126 3466 inclinationem

443 3489 542 3572 'in
580 3490 946 3577 descensu
972 3549 999 3590 ,
1076 3519 1333 3602 neque
1374 3490 1797 3575 Tellurem
1834 3491 2107 3574 versus
2148 3518 2327 3572 cum
2367 3491 2640 3573 eadem
2680 3490 3130 3596 velocitatis

444 3606 977 3715 proportione
1012 3602 1606 3716 propelluntur3
1664 3602 1877 3685 unde
1909 3598 2268 3713 sequitur
2307 3664 2335 3706 ‚
2411 3602 3126 3688 Vibrationemto-

446 3715 610 3798 'tius
656 3712 1047 3809 Penduli,
1102 3740 1281 3821 quae
1318 3711 1730 3797 neceffario
1773 3714 2067 3824 pendet
2105 3741 2151 3795 a
2188 3714 2780 3801 Vibrationibus
2823 3775 2852 3813 3
2926 3741 3124 3821 quas

453 3848 851 3937 peragunt
893 3845 1149 3939 partes
1190 3826 1351 3930 ejus
1390 3825 1793 3933 separatim
1854 3823 2123 3907 sumtae
2164 3883 2191 3924 ,
2290 3819 2608 3902 differre
2685 3850 2730 3901 a
2785 3820 3130 3907 Penduli

458 3936 978 4031 Vibratione,
1037 3934 1092 4015 fi
1134 3933 1547 4017 reduetum
1583 3930 1790 4015 fore't
1827 3932 1926 4014 ad
1963 3930 2181 4012 illam
2224 3951 2579 4041 partem,
2635 3957 2814 4041 quae
2857 3958 3166 4017 move--

462 4066 599 4129 tur
639 4048 719 4129 in
768 4046 1193 4161 Cycloide.
1810 4144 1823 4149 ³

570 4158 917 4242 Videtur
974 4158 1156 4242 huic
1216 4158 1483 4269 potius
1540 4142 1793 4253 causae
1832 4210 1859 4252 ,
1931 4174 2169 4265 quam
2211 4150 2692 4237 crassitudini
2727 4152 2848 4235 fili
2889 4214 2918 4261 ,
3003 4156 3138 4240 cui

459 4268 779 4381 pondus
820 4268 1225 4383 alligatur,
1279 4268 1853 4371 adscribendam
1894 4265 2041 4349 effe
2079 4264 2470 4355 artificum
2519 4268 2792 4377 praxin
2815 4329 2845 4367 ,
2925 4291 3134 4375 quos

452 4381 945 4491 *experientia
999 4383 1253 4493 cogit-
1280 4402 1779 4463 curvaturam
1840 4409 1886 4461 a
1945 4377 2344 4489 Cycloide
2405 4374 2783 4461 diversam
2820 4374 3134 4462 laminis

452 4494 798 4627 Ptribuere
821 4548 851 4593 ,
898 4492 1097 4577 inter
1139 4516 1331 4617 quas
1364 4488 1855 4603 suspendunt
1896 4486 2367 4683 Pendssltum.
2947 4584 3047 4684 N

542 4648 555 4658 .
2298 4626 2340 4682 2
2893 4658 2898 4665 ·
3049 4620 3155 4683 on
