<?xml version="1.0" encoding="UTF-8"?>
<!DOCTYPE html PUBLIC "-//W3C//DTD XHTML 1.0 Transitional//EN"
    "http://www.w3.org/TR/xhtml1/DTD/xhtml1-transitional.dtd">
<html xmlns="http://www.w3.org/1999/xhtml" xml:lang="en" lang="en">
 <head>
  <title>
</title>
<meta http-equiv="Content-Type" content="text/html;charset=utf-8" />
  <meta name='ocr-system' content='tesseract 3.04.00' />
  <meta name='ocr-capabilities' content='ocr_page ocr_carea ocr_par ocr_line ocrx_word'/>
</head>
<body>
  <div class='ocr_page' id='page_1' title='image "./operavaria01gravgoog_0316.png"; bbox 0 0 4517 5784; ppageno 0'>
   <div class='ocr_carea' id='block_1_1' title="bbox 1423 371 3661 554">
    <p class='ocr_par' dir='ltr' id='par_1_1' title="bbox 1423 371 3661 554">
     <span class='ocr_line' id='line_1_1' title="bbox 1423 371 3661 554; baseline -0.009 -25"><span class='ocrx_word' id='word_1_1' title='bbox 1423 443 1584 554; x_wconf 68' lang='lat'>336</span> <span class='ocrx_word' id='word_1_2' title='bbox 1870 429 2060 531; x_wconf 80' lang='lat' dir='ltr'>DE</span> <span class='ocrx_word' id='word_1_3' title='bbox 2171 371 2497 516; x_wconf 70' lang='grc' dir='ltr'>εΕΝ</span> <span class='ocrx_word' id='word_1_4' title='bbox 2540 421 2935 518; x_wconf 65' lang='lat' dir='ltr'>Tuo,</span> <span class='ocrx_word' id='word_1_5' title='bbox 3005 421 3513 514; x_wconf 78' lang='lat' dir='ltr'>oscrL·</span> <span class='ocrx_word' id='word_1_6' title='bbox 3558 427 3661 510; x_wconf 82' lang='lat' dir='ltr'>L:</span> 
     </span>
    </p>
   </div>
   <div class='ocr_carea' id='block_1_2' title="bbox 1277 551 4135 667">
    <p class='ocr_par' dir='ltr' id='par_1_2' title="bbox 1277 551 4135 667">
     <span class='ocr_line' id='line_1_2' title="bbox 1277 551 4135 667; baseline -0.002 -19"><span class='ocrx_word' id='word_1_7' title='bbox 1277 655 1286 662; x_wconf 57' lang='grc'><em>,</em></span> <span class='ocrx_word' id='word_1_8' title='bbox 1427 564 1561 648; x_wconf 87' lang='lat' dir='ltr'>sus</span> <span class='ocrx_word' id='word_1_9' title='bbox 1609 560 1804 646; x_wconf 85' lang='lat' dir='ltr'>ensis</span> <span class='ocrx_word' id='word_1_10' title='bbox 1845 623 1871 666; x_wconf 84' lang='lat'>,</span> <span class='ocrx_word' id='word_1_11' title='bbox 1945 587 1990 640; x_wconf 90' lang='lat' dir='ltr'>a</span> <span class='ocrx_word' id='word_1_12' title='bbox 2047 581 2216 667; x_wconf 88' lang='lat' dir='ltr'>quo</span> <span class='ocrx_word' id='word_1_13' title='bbox 2262 551 2577 663; x_wconf 89' lang='lat' dir='ltr'>pondus</span> <span class='ocrx_word' id='word_1_14' title='bbox 2620 572 3178 658; x_wconf 79' lang='lat' dir='ltr'>unumquater</span> <span class='ocrx_word' id='word_1_15' title='bbox 3212 554 3459 666; x_wconf 87' lang='lat' dir='ltr'>magis</span> <span class='ocrx_word' id='word_1_16' title='bbox 3500 579 3741 663; x_wconf 88' lang='lat' dir='ltr'>quam</span> <span class='ocrx_word' id='word_1_17' title='bbox 3778 552 4135 643; x_wconf 64' lang='lat' dir='ltr'>alterum·</span> 
     </span>
    </p>
   </div>
   <div class='ocr_carea' id='block_1_3' title="bbox 1359 659 4183 4560">
    <p class='ocr_par' dir='ltr' id='par_1_3' title="bbox 1391 659 4119 892">
     <span class='ocr_line' id='line_1_3' title="bbox 1429 659 4119 782; baseline 0 -28"><span class='ocrx_word' id='word_1_18' title='bbox 1429 679 1513 758; x_wconf 85' lang='lat' dir='ltr'>d‘</span> <span class='ocrx_word' id='word_1_19' title='bbox 1587 697 1710 776; x_wconf 72' lang='lat' dir='ltr'>at3</span> <span class='ocrx_word' id='word_1_20' title='bbox 1767 675 1880 756; x_wconf 93' lang='lat' dir='ltr'>ita</span> <span class='ocrx_word' id='word_1_21' title='bbox 1915 693 2004 754; x_wconf 90' lang='lat' dir='ltr'>ut</span> <span class='ocrx_word' id='word_1_22' title='bbox 2039 663 2491 754; x_wconf 80' lang='lat' dir='ltr'>altitudines</span> <span class='ocrx_word' id='word_1_23' title='bbox 2532 659 3213 782; x_wconf 77' lang='lat' dir='ltr'>perpendiculares</span> <span class='ocrx_word' id='word_1_24' title='bbox 3252 720 3283 763; x_wconf 90' lang='lat'>,</span> <span class='ocrx_word' id='word_1_25' title='bbox 3358 666 3567 748; x_wconf 89' lang='lat' dir='ltr'>unde</span> <span class='ocrx_word' id='word_1_26' title='bbox 3622 665 4119 754; x_wconf 81' lang='lat' dir='ltr'>descendunt</span> 
     </span>
     <span class='ocr_line' id='line_1_4' title="bbox 1391 783 2070 892; baseline -0.01 -21"><span class='ocrx_word' id='word_1_27' title='bbox 1391 879 1408 892; x_wconf 59' lang='lat'>‚</span> <span class='ocrx_word' id='word_1_28' title='bbox 1433 787 1584 870; x_wconf 77' lang='lat' dir='ltr'>sint</span> <span class='ocrx_word' id='word_1_29' title='bbox 1622 807 1711 872; x_wconf 88' lang='lat' dir='ltr'>ut</span> <span class='ocrx_word' id='word_1_30' title='bbox 1759 813 1792 867; x_wconf 92' lang='lat'>1</span> <span class='ocrx_word' id='word_1_31' title='bbox 1840 783 1952 866; x_wconf 88' lang='lat' dir='ltr'>ad</span> <span class='ocrx_word' id='word_1_32' title='bbox 1992 807 2070 888; x_wconf 60' lang='lat'>4.</span> 
     </span>
    </p>

    <p class='ocr_par' dir='ltr' id='par_1_4' title="bbox 1397 883 4143 2000">
     <span class='ocr_line' id='line_1_5' title="bbox 1561 883 4124 999; baseline -0.002 -21"><span class='ocrx_word' id='word_1_33' title='bbox 1561 895 1970 982; x_wconf 89' lang='lat' dir='ltr'>Convenit</span> <span class='ocrx_word' id='word_1_34' title='bbox 2011 895 2213 978; x_wconf 86' lang='lat' dir='ltr'>inter</span> <span class='ocrx_word' id='word_1_35' title='bbox 2250 917 2393 974; x_wconf 85' lang='lat' dir='ltr'>nos</span> <span class='ocrx_word' id='word_1_36' title='bbox 2438 887 2539 972; x_wconf 88' lang='lat' dir='ltr'>de</span> <span class='ocrx_word' id='word_1_37' title='bbox 2556 887 3077 999; x_wconf 88' lang='lat' dir='ltr'>proportione</span> <span class='ocrx_word' id='word_1_38' title='bbox 3112 885 3315 969; x_wconf 86' lang='lat' dir='ltr'>inter</span> <span class='ocrx_word' id='word_1_39' title='bbox 3340 883 3980 983; x_wconf 82' lang='lat' dir='ltr'>has-altitudines,</span> <span class='ocrx_word' id='word_1_40' title='bbox 4028 901 4124 978; x_wconf 78' lang='lat'>&amp;-</span> 
     </span>
     <span class='ocr_line' id='line_1_6' title="bbox 1397 997 4125 1109; baseline -0.008 -17"><span class='ocrx_word' id='word_1_41' title='bbox 1397 1009 1540 1104; x_wconf 60' lang='lat' dir='ltr'>,de</span> <span class='ocrx_word' id='word_1_42' title='bbox 1582 1007 1876 1090; x_wconf 85' lang='lat' dir='ltr'>summa</span> <span class='ocrx_word' id='word_1_43' title='bbox 1914 1003 2427 1087; x_wconf 90' lang='lat' dir='ltr'>velocitatum</span> <span class='ocrx_word' id='word_1_44' title='bbox 2455 1059 2474 1090; x_wconf 90' lang='lat'><strong>,</strong></span> <span class='ocrx_word' id='word_1_45' title='bbox 2536 1026 2731 1109; x_wconf 92' lang='lat' dir='ltr'>quas</span> <span class='ocrx_word' id='word_1_46' title='bbox 2770 997 2910 1078; x_wconf 91' lang='lat' dir='ltr'>illa</span> <span class='ocrx_word' id='word_1_47' title='bbox 2949 997 3300 1107; x_wconf 89' lang='lat' dir='ltr'>pondera</span> <span class='ocrx_word' id='word_1_48' title='bbox 3333 999 3871 1108; x_wconf 83' lang='lat' dir='ltr'>acquirerent,</span> <span class='ocrx_word' id='word_1_49' title='bbox 3926 1001 4125 1090; x_wconf 74' lang='lat' dir='ltr'>fise.</span> 
     </span>
     <span class='ocr_line' id='line_1_7' title="bbox 1443 1107 4119 1232; baseline -0.001 -31"><span class='ocrx_word' id='word_1_50' title='bbox 1443 1120 1781 1232; x_wconf 82' lang='lat' dir='ltr'>paratim</span> <span class='ocrx_word' id='word_1_51' title='bbox 1835 1114 1930 1200; x_wconf 92' lang='lat' dir='ltr'>ab</span> <span class='ocrx_word' id='word_1_52' title='bbox 1992 1117 2080 1198; x_wconf 91' lang='lat' dir='ltr'>iis</span> <span class='ocrx_word' id='word_1_53' title='bbox 2139 1111 2691 1196; x_wconf 84' lang='lat' dir='ltr'>altitudinibus</span> <span class='ocrx_word' id='word_1_54' title='bbox 2742 1108 3107 1195; x_wconf 80' lang='lat' dir='ltr'>caderent</span> <span class='ocrx_word' id='word_1_55' title='bbox 3148 1155 3174 1208; x_wconf 73' lang='lat'>3</span> <span class='ocrx_word' id='word_1_56' title='bbox 3252 1107 3385 1190; x_wconf 92' lang='lat' dir='ltr'>sed</span> <span class='ocrx_word' id='word_1_57' title='bbox 3426 1111 3973 1209; x_wconf 81' lang='lat' dir='ltr'>contendimus</span> <span class='ocrx_word' id='word_1_58' title='bbox 4008 1115 4119 1199; x_wconf 87' lang='lat' dir='ltr'>de</span> 
     </span>
     <span class='ocr_line' id='line_1_8' title="bbox 1444 1219 4119 1342; baseline -0.003 -30"><span class='ocrx_word' id='word_1_59' title='bbox 1444 1226 1981 1342; x_wconf 86' lang='lat' dir='ltr'>exprimendis</span> <span class='ocrx_word' id='word_1_60' title='bbox 2021 1225 2148 1308; x_wconf 85' lang='lat' dir='ltr'>his</span> <span class='ocrx_word' id='word_1_61' title='bbox 2177 1219 2729 1316; x_wconf 81' lang='lat' dir='ltr'>altitudinibus</span> <span class='ocrx_word' id='word_1_62' title='bbox 2768 1219 3122 1329; x_wconf 66' lang='lat' dir='ltr'>respectu</span> <span class='ocrx_word' id='word_1_63' title='bbox 3162 1219 3439 1329; x_wconf 87' lang='lat' dir='ltr'>spatii,</span> <span class='ocrx_word' id='word_1_64' title='bbox 3498 1221 3727 1328; x_wconf 89' lang='lat' dir='ltr'>quod</span> <span class='ocrx_word' id='word_1_65' title='bbox 3768 1221 3865 1306; x_wconf 80' lang='lat' dir='ltr'>sit</span> <span class='ocrx_word' id='word_1_66' title='bbox 3894 1249 4119 1310; x_wconf 61' lang='lat' dir='ltr'>com„-</span> 
     </span>
     <span class='ocr_line' id='line_1_9' title="bbox 1444 1327 4123 1440; baseline -0.007 -17"><span class='ocrx_word' id='word_1_67' title='bbox 1444 1342 1698 1422; x_wconf 85' lang='lat' dir='ltr'>munis</span> <span class='ocrx_word' id='word_1_68' title='bbox 1739 1353 2014 1422; x_wconf 69' lang='lat' dir='ltr'>earum·</span> <span class='ocrx_word' id='word_1_69' title='bbox 2032 1331 2385 1416; x_wconf 88' lang='lat' dir='ltr'>mensura</span> <span class='ocrx_word' id='word_1_70' title='bbox 2426 1395 2460 1438; x_wconf 82' lang='lat'>‚</span> <span class='ocrx_word' id='word_1_71' title='bbox 2531 1340 2610 1414; x_wconf 77' lang='grc' dir='ltr'>δι</span> <span class='ocrx_word' id='word_1_72' title='bbox 2656 1358 2803 1440; x_wconf 86' lang='lat' dir='ltr'>pro</span> <span class='ocrx_word' id='word_1_73' title='bbox 2843 1333 3141 1412; x_wconf 73' lang='lat' dir='ltr'>unitate</span> <span class='ocrx_word' id='word_1_74' title='bbox 3176 1327 3567 1412; x_wconf 85' lang='lat' dir='ltr'>habeatur.</span> <span class='ocrx_word' id='word_1_75' title='bbox 3631 1333 3849 1415; x_wconf 89' lang='lat' dir='ltr'>Cum</span> <span class='ocrx_word' id='word_1_76' title='bbox 3864 1338 4123 1422; x_wconf 84' lang='lat' dir='ltr'>omni.</span> 
     </span>
     <span class='ocr_line' id='line_1_10' title="bbox 1456 1431 4124 1561; baseline -0.004 -26"><span class='ocrx_word' id='word_1_77' title='bbox 1456 1451 1647 1554; x_wconf 83' lang='lat' dir='ltr'>bus,</span> <span class='ocrx_word' id='word_1_78' title='bbox 1703 1449 1850 1561; x_wconf 91' lang='lat' dir='ltr'>qui</span> <span class='ocrx_word' id='word_1_79' title='bbox 1893 1467 2072 1528; x_wconf 88' lang='lat' dir='ltr'>ante</span> <span class='ocrx_word' id='word_1_80' title='bbox 2113 1471 2236 1526; x_wconf 89' lang='lat' dir='ltr'>me</span> <span class='ocrx_word' id='word_1_81' title='bbox 2280 1445 2381 1528; x_wconf 91' lang='lat' dir='ltr'>de</span> <span class='ocrx_word' id='word_1_82' title='bbox 2422 1431 2791 1531; x_wconf 76' lang='lat' dir='ltr'>similibus</span> <span class='ocrx_word' id='word_1_83' title='bbox 2832 1435 3395 1554; x_wconf 81' lang='lat' dir='ltr'>quaestionibus</span> <span class='ocrx_word' id='word_1_84' title='bbox 3431 1437 3930 1549; x_wconf 77' lang='lat' dir='ltr'>scripserunt,</span> <span class='ocrx_word' id='word_1_85' title='bbox 3970 1475 4124 1556; x_wconf 87' lang='lat' dir='ltr'>po-</span> 
     </span>
     <span class='ocr_line' id='line_1_11' title="bbox 1443 1548 4125 1675; baseline -0.006 -30"><span class='ocrx_word' id='word_1_86' title='bbox 1443 1590 1551 1645; x_wconf 91' lang='lat' dir='ltr'>no</span> <span class='ocrx_word' id='word_1_87' title='bbox 1599 1587 1826 1644; x_wconf 71' lang='lat' dir='ltr'>veros</span> <span class='ocrx_word' id='word_1_88' title='bbox 1851 1559 2246 1652; x_wconf 80' lang='lat' dir='ltr'>numeros,</span> <span class='ocrx_word' id='word_1_89' title='bbox 2288 1554 2581 1666; x_wconf 89' lang='lat' dir='ltr'>quibus</span> <span class='ocrx_word' id='word_1_90' title='bbox 2616 1551 3163 1675; x_wconf 77' lang='lat' dir='ltr'>exprimuntur</span> <span class='ocrx_word' id='word_1_91' title='bbox 3202 1548 3699 1647; x_wconf 79' lang='lat' dir='ltr'>altitudines,</span> <span class='ocrx_word' id='word_1_92' title='bbox 3754 1552 3905 1636; x_wconf 87' lang='lat' dir='ltr'>esse</span> <span class='ocrx_word' id='word_1_93' title='bbox 3924 1583 4125 1666; x_wconf 69' lang='lat' dir='ltr'>qua...</span> 
     </span>
     <span class='ocr_line' id='line_1_12' title="bbox 1450 1659 4124 1782; baseline -0.002 -24"><span class='ocrx_word' id='word_1_94' title='bbox 1450 1671 1674 1758; x_wconf 89' lang='lat' dir='ltr'>drata</span> <span class='ocrx_word' id='word_1_95' title='bbox 1713 1667 2062 1782; x_wconf 88' lang='lat' dir='ltr'>ipsorum</span> <span class='ocrx_word' id='word_1_96' title='bbox 2097 1692 2594 1752; x_wconf 87' lang='lat' dir='ltr'>numerorum</span> <span class='ocrx_word' id='word_1_97' title='bbox 2690 1689 2771 1743; x_wconf 87' lang='grc' dir='ltr'>ιιι</span> <span class='ocrx_word' id='word_1_98' title='bbox 2808 1659 3273 1748; x_wconf 77' lang='lat' dir='ltr'>velocitates</span> <span class='ocrx_word' id='word_1_99' title='bbox 3327 1659 3790 1770; x_wconf 77' lang='lat' dir='ltr'>designant,</span> <span class='ocrx_word' id='word_1_100' title='bbox 3837 1665 3919 1746; x_wconf 90' lang='lat' dir='ltr'>in</span> <span class='ocrx_word' id='word_1_101' title='bbox 3959 1669 4124 1753; x_wconf 88' lang='lat' dir='ltr'>illis</span> 
     </span>
     <span class='ocr_line' id='line_1_13' title="bbox 1448 1769 4143 1888; baseline -0.001 -23"><span class='ocrx_word' id='word_1_102' title='bbox 1448 1779 1741 1867; x_wconf 80' lang='lat' dir='ltr'>casibus</span> <span class='ocrx_word' id='word_1_103' title='bbox 1767 1839 1793 1878; x_wconf 92' lang='lat'>‚</span> <span class='ocrx_word' id='word_1_104' title='bbox 1847 1781 1928 1860; x_wconf 92' lang='lat' dir='ltr'>in</span> <span class='ocrx_word' id='word_1_105' title='bbox 1990 1778 2277 1888; x_wconf 86' lang='lat' dir='ltr'>quibus</span> <span class='ocrx_word' id='word_1_106' title='bbox 2336 1778 2538 1860; x_wconf 85' lang='lat' dir='ltr'>inter</span> <span class='ocrx_word' id='word_1_107' title='bbox 2594 1771 3051 1868; x_wconf 76' lang='lat' dir='ltr'>atitudines</span> <span class='ocrx_word' id='word_1_108' title='bbox 3088 1778 3168 1853; x_wconf 90' lang='lat'>&amp;</span> <span class='ocrx_word' id='word_1_109' title='bbox 3212 1769 3425 1854; x_wconf 85' lang='lat' dir='ltr'>inter.</span> <span class='ocrx_word' id='word_1_110' title='bbox 3456 1773 4143 1864; x_wconf 81' lang='lat' dir='ltr'>velocitatesnon.</span> 
     </span>
     <span class='ocr_line' id='line_1_14' title="bbox 1459 1881 3973 2000; baseline -0.003 -25"><span class='ocrx_word' id='word_1_111' title='bbox 1459 1893 1612 1975; x_wconf 87' lang='lat' dir='ltr'>alia</span> <span class='ocrx_word' id='word_1_112' title='bbox 1647 1894 1880 1978; x_wconf 89' lang='lat' dir='ltr'>datur</span> <span class='ocrx_word' id='word_1_113' title='bbox 1921 1889 2122 1980; x_wconf 79' lang='lat' dir='ltr'>ratio</span> <span class='ocrx_word' id='word_1_114' title='bbox 2141 1952 2170 1992; x_wconf 88' lang='lat'><strong><em>,</em></strong></span> <span class='ocrx_word' id='word_1_115' title='bbox 2225 1908 2509 2000; x_wconf 84' lang='lat' dir='ltr'>praeter</span> <span class='ocrx_word' id='word_1_116' title='bbox 2546 1882 2980 2000; x_wconf 78' lang='lat' dir='ltr'>generalem</span> <span class='ocrx_word' id='word_1_117' title='bbox 3014 1881 3499 1992; x_wconf 67' lang='lat' dir='ltr'>experientia</span> <span class='ocrx_word' id='word_1_118' title='bbox 3532 1885 3973 1970; x_wconf 72' lang='lat' dir='ltr'>dete&amp;am..</span> 
     </span>
    </p>

    <p class='ocr_par' dir='ltr' id='par_1_5' title="bbox 1451 1993 4149 2885">
     <span class='ocr_line' id='line_1_15' title="bbox 1565 1993 4149 2107; baseline 0.001 -23"><span class='ocrx_word' id='word_1_119' title='bbox 1565 2003 1798 2094; x_wconf 79' lang='lat' dir='ltr'>Patet</span> <span class='ocrx_word' id='word_1_120' title='bbox 1834 2021 2095 2088; x_wconf 87' lang='lat' dir='ltr'>autem.</span> <span class='ocrx_word' id='word_1_121' title='bbox 2129 2026 2233 2096; x_wconf 74' lang='lat' dir='ltr'>ex</span> <span class='ocrx_word' id='word_1_122' title='bbox 2271 1999 2607 2082; x_wconf 87' lang='lat' dir='ltr'>numeris</span> <span class='ocrx_word' id='word_1_123' title='bbox 2650 2021 2852 2104; x_wconf 89' lang='lat' dir='ltr'>quos</span> <span class='ocrx_word' id='word_1_124' title='bbox 2874 1993 2973 2074; x_wconf 86' lang='lat' dir='ltr'>in</span> <span class='ocrx_word' id='word_1_125' title='bbox 3008 1993 3606 2102; x_wconf 88' lang='lat' dir='ltr'>computatione</span> <span class='ocrx_word' id='word_1_126' title='bbox 3640 1999 4149 2107; x_wconf 68' lang='lat' dir='ltr'>meadetexi„</span> 
     </span>
     <span class='ocr_line' id='line_1_16' title="bbox 1451 2097 4117 2224; baseline -0.001 -28"><span class='ocrx_word' id='word_1_127' title='bbox 1451 2112 1683 2224; x_wconf 86' lang='lat' dir='ltr'>(cum</span> <span class='ocrx_word' id='word_1_128' title='bbox 1725 2121 1875 2224; x_wconf 86' lang='lat'>9&amp;</span> <span class='ocrx_word' id='word_1_129' title='bbox 1909 2138 2064 2218; x_wconf 82' lang='lat'>144</span> <span class='ocrx_word' id='word_1_130' title='bbox 2095 2107 2461 2198; x_wconf 71' lang='lat' dir='ltr'>dustain</span> <span class='ocrx_word' id='word_1_131' title='bbox 2496 2127 2557 2218; x_wconf 63' lang='grc' dir='ltr'>ξ,</span> <span class='ocrx_word' id='word_1_132' title='bbox 2597 2105 2867 2218; x_wconf 87' lang='lat' dir='ltr'>pedis,</span> <span class='ocrx_word' id='word_1_133' title='bbox 2926 2103 3013 2188; x_wconf 93' lang='lat' dir='ltr'>id</span> <span class='ocrx_word' id='word_1_134' title='bbox 3047 2101 3173 2186; x_wconf 86' lang='lat' dir='ltr'>est.</span> <span class='ocrx_word' id='word_1_135' title='bbox 3199 2097 3249 2188; x_wconf 83' lang='lat'><em>6</em></span> <span class='ocrx_word' id='word_1_136' title='bbox 3288 2104 3525 2216; x_wconf 84' lang='lat' dir='ltr'>pedes</span> <span class='ocrx_word' id='word_1_137' title='bbox 3566 2135 3753 2190; x_wconf 88' lang='lat' dir='ltr'>cum</span> <span class='ocrx_word' id='word_1_138' title='bbox 3792 2137 3826 2190; x_wconf 93' lang='lat'>1</span> <span class='ocrx_word' id='word_1_139' title='bbox 3854 2111 4117 2224; x_wconf 78' lang='lat' dir='ltr'>digito</span> 
     </span>
     <span class='ocr_line' id='line_1_17' title="bbox 1453 2213 4121 2332; baseline 0.001 -28"><span class='ocrx_word' id='word_1_140' title='bbox 1453 2251 1494 2331; x_wconf 74' lang='grc' dir='ltr'><strong>ς</strong></span> <span class='ocrx_word' id='word_1_141' title='bbox 1549 2219 1772 2306; x_wconf 84' lang='lat' dir='ltr'>lineis</span> <span class='ocrx_word' id='word_1_142' title='bbox 1809 2231 1885 2304; x_wconf 89' lang='lat'>&amp;</span> <span class='ocrx_word' id='word_1_143' title='bbox 1928 2215 2154 2332; x_wconf 85' lang='lat' dir='ltr'>quod</span> <span class='ocrx_word' id='word_1_144' title='bbox 2187 2219 2550 2321; x_wconf 87' lang='lat' dir='ltr'>excedit,</span> <span class='ocrx_word' id='word_1_145' title='bbox 2605 2213 2975 2300; x_wconf 84' lang='lat' dir='ltr'>differant</span> <span class='ocrx_word' id='word_1_146' title='bbox 3009 2241 3191 2296; x_wconf 89' lang='lat' dir='ltr'>cum</span> <span class='ocrx_word' id='word_1_147' title='bbox 3240 2241 3273 2294; x_wconf 95' lang='lat'>1</span> <span class='ocrx_word' id='word_1_148' title='bbox 3306 2215 3507 2324; x_wconf 89' lang='lat' dir='ltr'>pede</span> <span class='ocrx_word' id='word_1_149' title='bbox 3549 2227 3628 2302; x_wconf 68' lang='grc' dir='ltr'>ὃς</span> <span class='ocrx_word' id='word_1_150' title='bbox 3665 2247 3723 2326; x_wconf 90' lang='lat'>4</span> <span class='ocrx_word' id='word_1_151' title='bbox 3752 2222 4121 2331; x_wconf 82' lang='lat' dir='ltr'>pedibus,</span> 
     </span>
     <span class='ocr_line' id='line_1_18' title="bbox 1451 2325 4119 2446; baseline 0.004 -41"><span class='ocrx_word' id='word_1_152' title='bbox 1451 2353 1592 2418; x_wconf 67' lang='lat' dir='ltr'>aut</span> <span class='ocrx_word' id='word_1_153' title='bbox 1613 2356 1664 2440; x_wconf 86' lang='lat'>5-</span> <span class='ocrx_word' id='word_1_154' title='bbox 1687 2330 2091 2446; x_wconf 81' lang='lat' dir='ltr'>pedibus‚)</span> <span class='ocrx_word' id='word_1_155' title='bbox 2133 2329 2462 2416; x_wconf 85' lang='lat' dir='ltr'>summas</span> <span class='ocrx_word' id='word_1_156' title='bbox 2482 2326 3024 2422; x_wconf 76' lang='lat' dir='ltr'>altitudinum,</span> <span class='ocrx_word' id='word_1_157' title='bbox 3064 2325 3167 2407; x_wconf 89' lang='lat' dir='ltr'>ad</span> <span class='ocrx_word' id='word_1_158' title='bbox 3204 2353 3397 2436; x_wconf 84' lang='lat' dir='ltr'>quas</span> <span class='ocrx_word' id='word_1_159' title='bbox 3413 2327 3891 2412; x_wconf 84' lang='lat' dir='ltr'>adscendunt</span> <span class='ocrx_word' id='word_1_160' title='bbox 3906 2361 4119 2442; x_wconf 83' lang='lat' dir='ltr'>pon-</span> 
     </span>
     <span class='ocr_line' id='line_1_19' title="bbox 1457 2435 4120 2551; baseline -0 -25"><span class='ocrx_word' id='word_1_161' title='bbox 1457 2445 1644 2526; x_wconf 80' lang='lat' dir='ltr'>dera</span> <span class='ocrx_word' id='word_1_162' title='bbox 1681 2447 1763 2524; x_wconf 90' lang='lat' dir='ltr'>in</span> <span class='ocrx_word' id='word_1_163' title='bbox 1800 2441 2172 2551; x_wconf 83' lang='lat' dir='ltr'>exemplo</span> <span class='ocrx_word' id='word_1_164' title='bbox 2209 2437 2671 2550; x_wconf 72' lang='lat' dir='ltr'>propolim,</span> <span class='ocrx_word' id='word_1_165' title='bbox 2742 2464 2904 2521; x_wconf 89' lang='lat' dir='ltr'>non</span> <span class='ocrx_word' id='word_1_166' title='bbox 2957 2435 3106 2520; x_wconf 84' lang='lat' dir='ltr'>ess‘e</span> <span class='ocrx_word' id='word_1_167' title='bbox 3146 2435 3525 2547; x_wconf 67' lang='lat' dir='ltr'>aequalem</span> <span class='ocrx_word' id='word_1_168' title='bbox 3561 2437 3869 2521; x_wconf 83' lang='lat' dir='ltr'>summae</span> <span class='ocrx_word' id='word_1_169' title='bbox 3931 2442 4120 2532; x_wconf 62' lang='lat' dir='ltr'>alti÷</span> 
     </span>
     <span class='ocr_line' id='line_1_20' title="bbox 1456 2547 4119 2665; baseline -0.002 -30"><span class='ocrx_word' id='word_1_170' title='bbox 1456 2554 1830 2662; x_wconf 79' lang='lat' dir='ltr'>tudinum</span> <span class='ocrx_word' id='word_1_171' title='bbox 1873 2553 2083 2636; x_wconf 81' lang='lat' dir='ltr'>unde</span> <span class='ocrx_word' id='word_1_172' title='bbox 2115 2549 2599 2642; x_wconf 83' lang='lat' dir='ltr'>descendunt</span> <span class='ocrx_word' id='word_1_173' title='bbox 2640 2613 2687 2662; x_wconf 25' lang='grc' dir='ltr'>,ο</span> <span class='ocrx_word' id='word_1_174' title='bbox 2744 2575 2987 2661; x_wconf 89' lang='lat' dir='ltr'>quam</span> <span class='ocrx_word' id='word_1_175' title='bbox 3029 2548 3579 2665; x_wconf 57' lang='lat' dir='ltr'>⁶aequalitatem·</span> <span class='ocrx_word' id='word_1_176' title='bbox 3630 2551 3769 2632; x_wconf 60' lang='lat' dir='ltr'>Du?</span> <span class='ocrx_word' id='word_1_177' title='bbox 3826 2547 4119 2664; x_wconf 58' lang='lat' dir='ltr'>Hage-</span> 
     </span>
     <span class='ocr_line' id='line_1_21' title="bbox 1459 2657 4125 2855; baseline 0.001 -110"><span class='ocrx_word' id='word_1_178' title='bbox 1459 2667 1634 2746; x_wconf 88' lang='lat' dir='ltr'>nius</span> <span class='ocrx_word' id='word_1_179' title='bbox 1680 2663 1908 2774; x_wconf 83' lang='lat' dir='ltr'>ponit</span> <span class='ocrx_word' id='word_1_180' title='bbox 1950 2663 2030 2744; x_wconf 93' lang='lat' dir='ltr'>in</span> <span class='ocrx_word' id='word_1_181' title='bbox 2057 2661 2414 2855; x_wconf 48' lang='lat' dir='ltr'>6{enerali</span> <span class='ocrx_word' id='word_1_182' title='bbox 2450 2657 2985 2772; x_wconf 73' lang='lat' dir='ltr'>propositione</span> <span class='ocrx_word' id='word_1_183' title='bbox 3021 2713 3053 2757; x_wconf 76' lang='lat'>,</span> <span class='ocrx_word' id='word_1_184' title='bbox 3124 2659 3297 2772; x_wconf 57' lang='lat' dir='ltr'>qua</span> <span class='ocrx_word' id='word_1_185' title='bbox 3353 2660 3610 2742; x_wconf 88' lang='lat' dir='ltr'>utitur</span> <span class='ocrx_word' id='word_1_186' title='bbox 3642 2664 4125 2771; x_wconf 38' lang='lat' dir='ltr'>proprinciae·</span> 
     </span>
     <span class='ocr_line' id='line_1_22' title="bbox 1460 2770 3339 2885; baseline -0.001 -31"><span class='ocrx_word' id='word_1_187' title='bbox 1460 2772 1604 2885; x_wconf 83' lang='lat' dir='ltr'>pio</span> <span class='ocrx_word' id='word_1_188' title='bbox 1637 2775 1726 2856; x_wconf 75' lang='lat' dir='ltr'>in</span> <span class='ocrx_word' id='word_1_189' title='bbox 1759 2773 1896 2858; x_wconf 89' lang='lat' dir='ltr'>suo</span> <span class='ocrx_word' id='word_1_190' title='bbox 1937 2795 2054 2854; x_wconf 86' lang='lat' dir='ltr'>tra</span> <span class='ocrx_word' id='word_1_191' title='bbox 2135 2792 2269 2856; x_wconf 85' lang='lat' dir='ltr'>atu</span> <span class='ocrx_word' id='word_1_192' title='bbox 2311 2773 2409 2854; x_wconf 88' lang='lat' dir='ltr'>de</span> <span class='ocrx_word' id='word_1_193' title='bbox 2448 2793 2719 2853; x_wconf 88' lang='lat' dir='ltr'>centro</span> <span class='ocrx_word' id='word_1_194' title='bbox 2762 2770 3339 2857; x_wconf 70' lang='lat' dir='ltr'>osculationis.</span> 
     </span>
    </p>

    <p class='ocr_par' dir='ltr' id='par_1_6' title="bbox 1359 2881 4183 4560">
     <span class='ocr_line' id='line_1_23' title="bbox 1577 2881 4123 3000; baseline 0.003 -34"><span class='ocrx_word' id='word_1_195' title='bbox 1577 2886 1715 2966; x_wconf 81' lang='lat' dir='ltr'><strong>D=.·</strong></span> <span class='ocrx_word' id='word_1_196' title='bbox 1806 2881 2222 2970; x_wconf 87' lang='lat' dir='ltr'>Bernoulli·</span> <span class='ocrx_word' id='word_1_197' title='bbox 2275 2882 2713 2993; x_wconf 49' lang='lat' dir='ltr'>,respondet</span> <span class='ocrx_word' id='word_1_198' title='bbox 2752 2943 2773 2973; x_wconf 87' lang='lat'><strong>,</strong></span> <span class='ocrx_word' id='word_1_199' title='bbox 2868 2883 3249 2996; x_wconf 90' lang='lat' dir='ltr'>quadrata</span> <span class='ocrx_word' id='word_1_200' title='bbox 3320 2910 3812 2970; x_wconf 84' lang='lat' dir='ltr'>numerorum</span> <span class='ocrx_word' id='word_1_201' title='bbox 3846 2941 3873 2984; x_wconf 84' lang='lat'>‚</span> <span class='ocrx_word' id='word_1_202' title='bbox 3968 2891 4123 3000; x_wconf 78' lang='lat' dir='ltr'>qui</span> 
     </span>
     <span class='ocr_line' id='line_1_24' title="bbox 1449 2993 4121 3110; baseline -0 -29"><span class='ocrx_word' id='word_1_203' title='bbox 1449 2995 1912 3108; x_wconf 80' lang='lat' dir='ltr'>exprimunt</span> <span class='ocrx_word' id='word_1_204' title='bbox 1967 2993 2421 3078; x_wconf 84' lang='lat' dir='ltr'>velocitates</span> <span class='ocrx_word' id='word_1_205' title='bbox 2444 2994 2984 3106; x_wconf 76' lang='lat' dir='ltr'>ponderum,</span> <span class='ocrx_word' id='word_1_206' title='bbox 3078 3013 3383 3078; x_wconf 86' lang='lat' dir='ltr'>tantum</span> <span class='ocrx_word' id='word_1_207' title='bbox 3435 3000 3871 3108; x_wconf 78' lang='lat' dir='ltr'>exprimere</span> <span class='ocrx_word' id='word_1_208' title='bbox 3922 3025 4121 3110; x_wconf 88' lang='lat' dir='ltr'>pro-</span> 
     </span>
     <span class='ocr_line' id='line_1_25' title="bbox 1440 3104 4123 3221; baseline 0.001 -31"><span class='ocrx_word' id='word_1_209' title='bbox 1440 3107 1898 3221; x_wconf 86' lang='lat' dir='ltr'>portionem</span> <span class='ocrx_word' id='word_1_210' title='bbox 1975 3104 2489 3191; x_wconf 82' lang='lat' dir='ltr'>altitudinum</span> <span class='ocrx_word' id='word_1_211' title='bbox 2531 3168 2557 3207; x_wconf 92' lang='lat'>‚</span> <span class='ocrx_word' id='word_1_212' title='bbox 2648 3105 2753 3186; x_wconf 91' lang='lat' dir='ltr'>ad</span> <span class='ocrx_word' id='word_1_213' title='bbox 2836 3132 3033 3214; x_wconf 88' lang='lat' dir='ltr'>quas</span> <span class='ocrx_word' id='word_1_214' title='bbox 3106 3125 3607 3192; x_wconf 83' lang='lat' dir='ltr'>revertuntur</span> <span class='ocrx_word' id='word_1_215' title='bbox 3678 3108 3859 3220; x_wconf 87' lang='lat' dir='ltr'>post</span> <span class='ocrx_word' id='word_1_216' title='bbox 3926 3109 4123 3194; x_wconf 85' lang='lat' dir='ltr'>illo·</span> 
     </span>
     <span class='ocr_line' id='line_1_26' title="bbox 1359 3213 4127 3330; baseline 0.001 -31"><span class='ocrx_word' id='word_1_217' title='bbox 1359 3285 1364 3288; x_wconf 93' lang='lat'>.</span> <span class='ocrx_word' id='word_1_218' title='bbox 1453 3247 1630 3300; x_wconf 89' lang='lat' dir='ltr'>rum</span> <span class='ocrx_word' id='word_1_219' title='bbox 1701 3215 2273 3326; x_wconf 82' lang='lat' dir='ltr'>separationem</span> <span class='ocrx_word' id='word_1_220' title='bbox 2302 3277 2335 3308; x_wconf 64' lang='grc'><strong><em>,</em></strong></span> <span class='ocrx_word' id='word_1_221' title='bbox 2431 3223 2512 3298; x_wconf 73' lang='grc' dir='ltr'>δε</span> <span class='ocrx_word' id='word_1_222' title='bbox 2550 3231 2749 3296; x_wconf 79' lang='lat' dir='ltr'>‘non</span> <span class='ocrx_word' id='word_1_223' title='bbox 2826 3213 3026 3325; x_wconf 90' lang='lat' dir='ltr'>ipsas</span> <span class='ocrx_word' id='word_1_224' title='bbox 3098 3215 3551 3319; x_wconf 76' lang='lat' dir='ltr'>altitudines</span> <span class='ocrx_word' id='word_1_225' title='bbox 3588 3275 3617 3318; x_wconf 90' lang='lat'>‚</span> <span class='ocrx_word' id='word_1_226' title='bbox 3703 3246 3885 3329; x_wconf 82' lang='lat' dir='ltr'>quae</span> <span class='ocrx_word' id='word_1_227' title='bbox 3940 3222 4127 3330; x_wconf 45' lang='lat' dir='ltr'>quia·</span> 
     </span>
     <span class='ocr_line' id='line_1_27' title="bbox 1460 3323 4131 3442; baseline 0 -30"><span class='ocrx_word' id='word_1_228' title='bbox 1460 3331 1646 3412; x_wconf 86' lang='lat' dir='ltr'>dem</span> <span class='ocrx_word' id='word_1_229' title='bbox 1707 3329 1908 3408; x_wconf 87' lang='lat' dir='ltr'>inter</span> <span class='ocrx_word' id='word_1_230' title='bbox 1963 3325 2040 3410; x_wconf 90' lang='lat' dir='ltr'>se</span> <span class='ocrx_word' id='word_1_231' title='bbox 2101 3326 2379 3408; x_wconf 87' lang='lat' dir='ltr'>habere</span> <span class='ocrx_word' id='word_1_232' title='bbox 2436 3323 2755 3432; x_wconf 82' lang='lat' dir='ltr'>possunt</span> <span class='ocrx_word' id='word_1_233' title='bbox 2811 3327 3193 3412; x_wconf 79' lang='lat' dir='ltr'>rationem</span> <span class='ocrx_word' id='word_1_234' title='bbox 3238 3380 3265 3422; x_wconf 87' lang='lat'>‚</span> <span class='ocrx_word' id='word_1_235' title='bbox 3346 3345 3437 3442; x_wconf 56' lang='grc' dir='ltr'>’.ες</span> <span class='ocrx_word' id='word_1_236' title='bbox 3496 3329 3595 3412; x_wconf 88' lang='lat' dir='ltr'>ad</span> <span class='ocrx_word' id='word_1_237' title='bbox 3648 3345 3733 3438; x_wconf 39' lang='grc' dir='ltr'>ἦ,</span> <span class='ocrx_word' id='word_1_238' title='bbox 3771 3331 3965 3414; x_wconf 89' lang='lat' dir='ltr'>dum</span> <span class='ocrx_word' id='word_1_239' title='bbox 4004 3353 4131 3420; x_wconf 58' lang='lat' dir='ltr'>ta..-</span> 
     </span>
     <span class='ocr_line' id='line_1_28' title="bbox 1463 3435 4135 3548; baseline 0.002 -29"><span class='ocrx_word' id='word_1_240' title='bbox 1463 3466 1648 3520; x_wconf 88' lang='lat' dir='ltr'>men</span> <span class='ocrx_word' id='word_1_241' title='bbox 1699 3436 1976 3518; x_wconf 86' lang='lat' dir='ltr'>harum</span> <span class='ocrx_word' id='word_1_242' title='bbox 2010 3436 2329 3520; x_wconf 90' lang='lat' dir='ltr'>-summa</span> <span class='ocrx_word' id='word_1_243' title='bbox 2382 3435 2493 3518; x_wconf 87' lang='lat' dir='ltr'>est</span> <span class='ocrx_word' id='word_1_244' title='bbox 2553 3457 2592 3539; x_wconf 86' lang='lat'>5</span> <span class='ocrx_word' id='word_1_245' title='bbox 2642 3492 2671 3534; x_wconf 87' lang='lat'>,</span> <span class='ocrx_word' id='word_1_246' title='bbox 2769 3463 2947 3548; x_wconf 85' lang='lat' dir='ltr'>quae</span> <span class='ocrx_word' id='word_1_247' title='bbox 3006 3435 3119 3520; x_wconf 89' lang='lat' dir='ltr'>est</span> <span class='ocrx_word' id='word_1_248' title='bbox 3179 3437 3475 3522; x_wconf 79' lang='lat' dir='ltr'>summa</span> <span class='ocrx_word' id='word_1_249' title='bbox 3524 3437 4039 3524; x_wconf 88' lang='lat' dir='ltr'>altitudinum</span> <span class='ocrx_word' id='word_1_250' title='bbox 4106 3501 4135 3546; x_wconf 85' lang='lat'>,</span> 
     </span>
     <span class='ocr_line' id='line_1_29' title="bbox 1463 3545 4148 3662; baseline 0.003 -32"><span class='ocrx_word' id='word_1_251' title='bbox 1463 3551 1674 3631; x_wconf 89' lang='lat' dir='ltr'>unde</span> <span class='ocrx_word' id='word_1_252' title='bbox 1746 3547 2093 3658; x_wconf 88' lang='lat' dir='ltr'>pondera</span> <span class='ocrx_word' id='word_1_253' title='bbox 2163 3545 2772 3648; x_wconf 57' lang='lat' dir='ltr'>descenderunt„</span> <span class='ocrx_word' id='word_1_254' title='bbox 2870 3546 2966 3630; x_wconf 93' lang='lat' dir='ltr'>N</span> <span class='ocrx_word' id='word_1_255' title='bbox 2970 3576 3099 3630; x_wconf 88' lang='lat' dir='ltr'>am</span> <span class='ocrx_word' id='word_1_256' title='bbox 3168 3547 3617 3634; x_wconf 80' lang='lat' dir='ltr'>altitudines</span> <span class='ocrx_word' id='word_1_257' title='bbox 3662 3605 3691 3650; x_wconf 84' lang='lat'>,</span> <span class='ocrx_word' id='word_1_258' title='bbox 3764 3552 3871 3635; x_wconf 91' lang='lat' dir='ltr'>ad</span> <span class='ocrx_word' id='word_1_259' title='bbox 3924 3581 4148 3662; x_wconf 80' lang='lat' dir='ltr'>quas</span> 
     </span>
     <span class='ocr_line' id='line_1_30' title="bbox 1459 3651 4155 3770; baseline 0 -29"><span class='ocrx_word' id='word_1_260' title='bbox 1459 3651 1958 3743; x_wconf 85' lang='lat' dir='ltr'>revertuntur</span> <span class='ocrx_word' id='word_1_261' title='bbox 2016 3656 2358 3770; x_wconf 81' lang='lat' dir='ltr'>separata</span> <span class='ocrx_word' id='word_1_262' title='bbox 2400 3711 2425 3752; x_wconf 90' lang='lat'>‚</span> <span class='ocrx_word' id='word_1_263' title='bbox 2502 3657 2680 3738; x_wconf 89' lang='lat' dir='ltr'>sunt</span> <span class='ocrx_word' id='word_1_264' title='bbox 2730 3661 2965 3767; x_wconf 85' lang='lat' dir='ltr'>juxta</span> <span class='ocrx_word' id='word_1_265' title='bbox 3032 3657 3266 3742; x_wconf 90' lang='lat' dir='ltr'>illurn</span> <span class='ocrx_word' id='word_1_266' title='bbox 3304 3673 3423 3768; x_wconf 58' lang='lat'>432²</span> <span class='ocrx_word' id='word_1_267' title='bbox 3478 3669 3661 3766; x_wconf 52' lang='grc' dir='ltr'>δεῖς,</span> <span class='ocrx_word' id='word_1_268' title='bbox 3691 3723 3718 3765; x_wconf 87' lang='grc'><strong><em>,</em></strong></span> <span class='ocrx_word' id='word_1_269' title='bbox 3788 3689 4155 3770; x_wconf 79' lang='lat' dir='ltr'>quarum</span> 
     </span>
     <span class='ocr_line' id='line_1_31' title="bbox 1461 3763 4165 3884; baseline 0.001 -33"><span class='ocrx_word' id='word_1_270' title='bbox 1461 3771 1756 3852; x_wconf 86' lang='lat' dir='ltr'>summa</span> <span class='ocrx_word' id='word_1_271' title='bbox 1811 3769 2026 3852; x_wconf 85' lang='lat' dir='ltr'>valet</span> <span class='ocrx_word' id='word_1_272' title='bbox 2070 3791 2123 3876; x_wconf 67' lang='grc' dir='ltr'><strong><em>ς</em></strong></span> <span class='ocrx_word' id='word_1_273' title='bbox 2162 3831 2190 3870; x_wconf 87' lang='grc'>,</span> <span class='ocrx_word' id='word_1_274' title='bbox 2262 3789 2366 3850; x_wconf 86' lang='lat' dir='ltr'>ut</span> <span class='ocrx_word' id='word_1_275' title='bbox 2408 3767 2701 3852; x_wconf 83' lang='lat' dir='ltr'>summa</span> <span class='ocrx_word' id='word_1_276' title='bbox 2752 3763 3185 3880; x_wconf 62' lang='lat' dir='ltr'>‘primarum</span> <span class='ocrx_word' id='word_1_277' title='bbox 3236 3771 3745 3854; x_wconf 86' lang='lat' dir='ltr'>altitudinum</span> <span class='ocrx_word' id='word_1_278' title='bbox 3790 3797 3851 3852; x_wconf 91' lang='lat'>1.</span> <span class='ocrx_word' id='word_1_279' title='bbox 3912 3779 4007 3854; x_wconf 82' lang='lat'>&amp;</span> <span class='ocrx_word' id='word_1_280' title='bbox 4058 3785 4165 3884; x_wconf 65' lang='lat'>4⁶⁸</span> 
     </span>
     <span class='ocr_line' id='line_1_32' title="bbox 1467 3878 4167 3993; baseline 0.004 -31"><span class='ocrx_word' id='word_1_281' title='bbox 1467 3881 1766 3962; x_wconf 88' lang='lat' dir='ltr'>Iterum</span> <span class='ocrx_word' id='word_1_282' title='bbox 1859 3878 2329 3986; x_wconf 83' lang='lat' dir='ltr'>respondere</span> <span class='ocrx_word' id='word_1_283' title='bbox 2414 3908 2575 3964; x_wconf 88' lang='lat' dir='ltr'>non</span> <span class='ocrx_word' id='word_1_284' title='bbox 2667 3878 3028 3964; x_wconf 74' lang='lat' dir='ltr'>difficile·</span> <span class='ocrx_word' id='word_1_285' title='bbox 3070 3884 3251 3966; x_wconf 58' lang='lat' dir='ltr'>erit„</span> <span class='ocrx_word' id='word_1_286' title='bbox 3370 3883 3781 3993; x_wconf 84' lang='lat' dir='ltr'>Rogatum</span> <span class='ocrx_word' id='word_1_287' title='bbox 3877 3885 4167 3974; x_wconf 87' lang='lat' dir='ltr'>velim</span> 
     </span>
     <span class='ocr_line' id='line_1_33' title="bbox 1465 3985 4167 4104; baseline 0.003 -30"><span class='ocrx_word' id='word_1_288' title='bbox 1465 3991 1640 4077; x_wconf 68' lang='lat' dir='ltr'>D¹²J¹²</span> <span class='ocrx_word' id='word_1_289' title='bbox 1713 3985 2117 4071; x_wconf 87' lang='lat' dir='ltr'>Bernoulli</span> <span class='ocrx_word' id='word_1_290' title='bbox 2157 4053 2186 4093; x_wconf 86' lang='lat'><strong><em>,</em></strong></span> <span class='ocrx_word' id='word_1_291' title='bbox 2282 3989 2483 4073; x_wconf 84' lang='lat' dir='ltr'>dum·</span> <span class='ocrx_word' id='word_1_292' title='bbox 2550 3991 2967 4075; x_wconf 89' lang='lat' dir='ltr'>contendit</span> <span class='ocrx_word' id='word_1_293' title='bbox 2998 4045 3039 4088; x_wconf 85' lang='lat'>‚.</span> <span class='ocrx_word' id='word_1_294' title='bbox 3124 3995 3714 4104; x_wconf 85' lang='lat' dir='ltr'>proportionem</span> <span class='ocrx_word' id='word_1_295' title='bbox 3790 3999 4167 4104; x_wconf 56' lang='lat' dir='ltr'>quadrae·</span> 
     </span>
     <span class='ocr_line' id='line_1_34' title="bbox 1466 4099 4167 4216; baseline 0.005 -34"><span class='ocrx_word' id='word_1_296' title='bbox 1466 4123 1726 4182; x_wconf 89' lang='lat' dir='ltr'>torum</span> <span class='ocrx_word' id='word_1_297' title='bbox 1803 4125 2297 4182; x_wconf 87' lang='lat' dir='ltr'>numerorum</span> <span class='ocrx_word' id='word_1_298' title='bbox 2334 4156 2363 4198; x_wconf 86' lang='lat'>,</span> <span class='ocrx_word' id='word_1_299' title='bbox 2434 4101 2584 4212; x_wconf 87' lang='lat' dir='ltr'>qui</span> <span class='ocrx_word' id='word_1_300' title='bbox 2661 4099 3127 4183; x_wconf 85' lang='lat' dir='ltr'>velocitates</span> <span class='ocrx_word' id='word_1_301' title='bbox 3195 4105 3649 4216; x_wconf 84' lang='lat' dir='ltr'>exprimunt</span> <span class='ocrx_word' id='word_1_302' title='bbox 3690 4160 3719 4202; x_wconf 86' lang='lat'>,</span> <span class='ocrx_word' id='word_1_303' title='bbox 3810 4125 4167 4196; x_wconf 83' lang='lat' dir='ltr'>tantum</span> 
     </span>
     <span class='ocr_line' id='line_1_35' title="bbox 1468 4207 4167 4327; baseline 0.002 -37"><span class='ocrx_word' id='word_1_304' title='bbox 1468 4207 2098 4294; x_wconf 85' lang='lat' dir='ltr'>considerandam</span> <span class='ocrx_word' id='word_1_305' title='bbox 2157 4208 2307 4292; x_wconf 82' lang='lat' dir='ltr'>ess&#39;e</span> <span class='ocrx_word' id='word_1_306' title='bbox 2344 4272 2373 4312; x_wconf 86' lang='lat'><strong><em>,</em></strong></span> <span class='ocrx_word' id='word_1_307' title='bbox 2462 4209 2629 4320; x_wconf 72' lang='lat' dir='ltr'>qua</span> <span class='ocrx_word' id='word_1_308' title='bbox 2700 4231 2964 4292; x_wconf 88' lang='lat' dir='ltr'>motus</span> <span class='ocrx_word' id='word_1_309' title='bbox 3042 4211 3223 4322; x_wconf 86' lang='lat' dir='ltr'>lege</span> <span class='ocrx_word' id='word_1_310' title='bbox 3260 4277 3289 4320; x_wconf 86' lang='lat'>‚</span> <span class='ocrx_word' id='word_1_311' title='bbox 3381 4225 3464 4300; x_wconf 86' lang='lat'>&amp;</span> <span class='ocrx_word' id='word_1_312' title='bbox 3520 4243 3667 4327; x_wconf 87' lang='lat' dir='ltr'>per</span> <span class='ocrx_word' id='word_1_313' title='bbox 3718 4219 4167 4326; x_wconf 81' lang='lat' dir='ltr'>quodnam</span> 
     </span>
     <span class='ocr_line' id='line_1_36' title="bbox 1465 4317 4183 4445; baseline 0.004 -45"><span class='ocrx_word' id='word_1_314' title='bbox 1465 4320 1944 4432; x_wconf 86' lang='lat' dir='ltr'>principium</span> <span class='ocrx_word' id='word_1_315' title='bbox 1981 4317 2543 4404; x_wconf 87' lang='lat' dir='ltr'>Mechanicum</span> <span class='ocrx_word' id='word_1_316' title='bbox 2580 4319 2935 4433; x_wconf 89' lang='lat' dir='ltr'>pondera</span> <span class='ocrx_word' id='word_1_317' title='bbox 2974 4375 3003 4421; x_wconf 87' lang='lat'>‚</span> <span class='ocrx_word' id='word_1_318' title='bbox 3074 4323 3177 4406; x_wconf 85' lang='lat' dir='ltr'>de</span> <span class='ocrx_word' id='word_1_319' title='bbox 3208 4325 3499 4436; x_wconf 85' lang='lat' dir='ltr'>quibus</span> <span class='ocrx_word' id='word_1_320' title='bbox 3532 4329 3843 4439; x_wconf 84' lang='lat' dir='ltr'>agimus</span> <span class='ocrx_word' id='word_1_321' title='bbox 3880 4393 3911 4433; x_wconf 85' lang='lat'>,</span> <span class='ocrx_word' id='word_1_322' title='bbox 3994 4361 4183 4445; x_wconf 87' lang='lat' dir='ltr'>po..</span> 
     </span>
     <span class='ocr_line' id='line_1_37' title="bbox 1457 4431 4177 4560; baseline 0.002 -39"><span class='ocrx_word' id='word_1_323' title='bbox 1457 4434 1624 4542; x_wconf 72' lang='lat' dir='ltr'>⁸tius</span> <span class='ocrx_word' id='word_1_324' title='bbox 1737 4433 2058 4546; x_wconf 78' lang='lat' dir='ltr'>redeant</span> <span class='ocrx_word' id='word_1_325' title='bbox 2172 4432 2279 4518; x_wconf 86' lang='lat' dir='ltr'>ad</span> <span class='ocrx_word' id='word_1_326' title='bbox 2370 4431 2825 4552; x_wconf 76' lang='lat' dir='ltr'>altitudines</span> <span class='ocrx_word' id='word_1_327' title='bbox 2880 4495 2905 4536; x_wconf 82' lang='grc'><strong><em>,</em></strong></span> <span class='ocrx_word' id='word_1_328' title='bbox 3020 4461 3219 4554; x_wconf 83' lang='lat' dir='ltr'>quas</span> <span class='ocrx_word' id='word_1_329' title='bbox 3308 4435 3454 4552; x_wconf 63' lang='lat' dir='ltr'>ing</span> <span class='ocrx_word' id='word_1_330' title='bbox 3542 4441 3853 4560; x_wconf 66' lang='lat' dir='ltr'>notavit</span> <span class='ocrx_word' id='word_1_331' title='bbox 3910 4505 3955 4549; x_wconf 78' lang='lat'>,</span> <span class='ocrx_word' id='word_1_332' title='bbox 4077 4459 4177 4538; x_wconf 83' lang='lat'>&amp;-</span> 
     </span>
    </p>
   </div>
   <div class='ocr_carea' id='block_1_4' title="bbox 3986 4585 4195 4674">
    <p class='ocr_par' dir='ltr' id='par_1_7' title="bbox 3986 4585 4195 4674">
     <span class='ocr_line' id='line_1_38' title="bbox 3986 4585 4195 4674; baseline 0.005 -1"><span class='ocrx_word' id='word_1_333' title='bbox 3986 4585 4195 4674; x_wconf 54' lang='grc' dir='ltr'>ΨΒ.</span> 
     </span>
    </p>
   </div>
  </div>
 </body>
</html>
