4517 5784
1315 499 1446 584 42·
1819 453 2727 552 CHRISTIANI
2822 459 3483 554 HUGENH

979 639 1219 708 ,ac-u.
1316 606 1612 718 absque
1649 627 1910 685 errore
1931 663 1959 705 ,
2007 595 2295 682 oculus
2329 595 2435 680 ad
2473 595 2685 680 idem
2784 596 3117 684 uastum
3154 601 3433 712 reponi
3472 601 3735 716 possit.
3810 601 4003 721 Jam

985 713 1256 832 ζζὶζξξξζ
1323 719 1424 804 ad
1463 737 1949 806 momentum
1985 707 2248 906 ipsum
2271 774 2298 815 ,
2352 737 2537 794 cum
2575 625 2973 795 stellarum
3010 709 3279 824 aliqua
3298 719 3342 796 e
3360 715 3791 830 conspe&u
3808 719 4015 822 abit,

1323 851 1644 918 notetur
1681 849 1991 941 tempus
2083 821 2459 936 orologio
2498 819 2959 908 indicatum.
3082 828 3359 938 Atque
3410 825 3625 916 idem
3742 829 4017 918 ostero

1331 946 1465 1032 die
1505 1007 1536 1050 ‚
1604 939 1736 1026 vel
1801 941 2074 1052 potius
2133 935 2446 1049 aliquot
2488 933 2763 1020 diebus
2798 935 3244 1023 intermistis
3266 1001 3294 1043 ,
3368 935 3535 1023 fiat.
3646 859 3904 1055 &od
3946 941 4010 1032 fi

1315 1073 1647 1154 ‚tantum
1683 1055 1916 1137 unius
1953 1047 2116 1134 diei
2151 1045 2198 1131 s
2243 1049 2492 1132 atium
2522 1047 2823 1134 duabus
2864 1047 4021 1143 observationibus‘interceffe-

1319 1171 1443 1256 -rit
1481 1232 1510 1273 ‚
1591 1186 1920 1278 oportet
1953 1166 2040 1247 in·
2074 1187 2189 1274 po
2257 1189 2465 1246 rema
2498 1159 3045 1247 observatione
3078 1184 3392 1278 tempus
3429 1161 3717 1250 horolo
3775 1168 3834 1249 ii
3873 1168 4027 1255 de-

1341 1281 1582 1368 ficere
1617 1279 1715 1361 ab
1749 1277 1897 1360 illo
1935 1341 1965 1384 ‚
2059 1273 2289 1388 quod
2329 1275 2581 1387 prima
2618 1271 3169 1361 observatione
3209 1297 3673 1364 annotatum
3709 1195 3965 1365 {ierat
3984 1335 4027 1384 ,

1335 1391 1724 1507 scrupulis
1765 1389 2033 1504 primis
2078 1413 2120 1500 3
2163 1445 2191 1487 ,
2269 1383 2629 1472 secu-ndis
2668 1390 2797 1499 56.
2922 1387 3051 1472 Ita
3102 1389 3318 1474 enim
3372 1389 3587 1474 reete
3626 1389 3701 1476 se
3738 1391 4020 1480 habere

1338 1502 1898 1620 perpendiculi
1934 1499 2521 1616 longitudinem
2551 1497 2935 1584 constabit
2956 1548 3002 1604 5,
3058 1527 3311 1612 quum
3348 1519 3577 1588 tanto
3614 1501 4040 1616 superetur

1341 1616 1718 1732 quaelibet
1773 1614 2116 1700 siderum
2162 1609 2515 1700 fixorum
2554 1613 2969 1698 revolutio
3024 1615 3075 1697 a
3134 1613 3267 1698 die
3326 1613 3557 1701 solari
3614 1616 4029 1720 mediocri.

1343 1730 1755 1816 Mediocri
1791 1728 1982 1813 dico
2015 1782 2043 1826 ,
2115 1727 2498 1838 quoniam
2532 1725 2711 1810 dies
2737 1723 3020 1812 solares
3055 1791 3083 1832 ,
3156 1726 3262 1811 de
3290 1727 3617 1817 meridie
3655 1729 3757 1813 ad
3795 1731 4043 1816 meri--

1165 1869 1180 1898 ‘
1345 1845 1559 1928 diem
1596 1905 1625 1948 ,
1700 1867 1865 1924 non
1903 1865 2178 1924 omnes
2218 1841 2425 1923 inter
2465 1836 2545 1922 se
2583 1835 2925 1950 aequales
2969 1840 3151 1924 sunt
3191 1903 3219 1946 ,
3289 1860 3382 1923 ut
3438 1867 3629 1926 mox
3687 1839 4043 1956 amplius-

1345 1973 1820 2066 exponetur.
1951 1951 2039 2036 Si
2094 1977 2289 2036 vero
2346 1945 2527 2063 post
2564 1948 2830 2062 plures
2871 1950 3191 2036 demum
3224 1949 3395 2036 dies
3433 1952 3873 2039 observatio
3913 1983 4035 2038 re-

1345 2085 1704 2180 petatur,
1780 2065 1864 2148 in
1901 2059 2250 2178 fingulos
2283 2063 2757 2148 tantundem
2794 2061 3263 2148 differentiae
3300 2061 3526 2148 causa
3562 2086 4047 2180 computan-

1349 2181 1547 2264 dum
1582 2178 1756 2263 erit.
1872 2178 2043 2281 Sit,
2097 2175 2451 2288 exempli
2461 2175 2789 2366 1gratia,
2860 2176 2945 2256 in
2990 2178 3250 2286 prima
3287 2175 3879 2282 observatione,
3930 2174 4050 2266 adi

1349 2311 1846 2377 momentum
1881 2284 2415 2375 evanescentis
2526 2285 2699 2370 ellae
2739 2340 2768 2381 ‚
2844 2286 3223 2369 adnotata
3256 2287 3663 2402 horologii
3702 2289 3899 2374 hora
3937 2323 3988 2404 9
4012 2353 4058 2396 „

1347 2431 1532 2486 cum
1596 2397 1984 2527 scrupulis
2042 2398 2321 2510 primis
2368 2421 2467 2506 30
2511 2449 2540 2493 ,
2582 2394 2972 2492 ⁸secundis
3020 2397 3114 2476 18
3156 2441 3183 2494 5
3259 2393 3551 2480 deinde
3592 2461 3621 2502 ‚
3699 2395 4063 2510 septimo-

1347 2511 1530 2628 post
1566 2511 1696 2598 die
1738 2570 1766 2611 ‚
1839 2511 2119 2594 eidem
2152 2508 2595 2622 disparente
2638 2502 2860 2588 stella
2900 2563 2927 2602 ,
3003 2503 3307 2587 indicet
3365 2505 3639 2595 horam
3696 2511 3743 2592 8
3766 2573 3795 2614 ‚
3854 2539 4043 2596 cum

1360 2626 1748 2738 scrupulis
1790 2653 1906 2737 pr.
1950 2646 2103 2732 50,
2157 2620 2308 2704 sec.
2346 2647 2473 2729 24.
2530 2617 2739 2702 Haec
2777 2615 2975 2699 hora
3010 2613 3290 2700 deficit
3330 2615 3379 2718 ὲ
3400 2621 3678 2812 Ετίοτε
3722 2615 4060 2735 scrupu--

1361 2737 1459 2822 lis
1496 2752 1618 2850 pr.
1647 2763 1780 2847 39,
1817 2733 2175 2818 secundis
2217 2756 2349 2840 54
2444 2731 2653 2838 Qae
2676 2791 2703 2832 ,
2758 2726 2841 2808 in
2883 2725 3182 2841 septem
3218 2725 3397 2812 divi
3494 2796 3525 2837 ,
3576 2732 3773 2817 dant
3807 2755 4061 2820 retas..

1364 2853 1771 2934 dationem
1811 2845 2173 2928 diurnam
2215 2837 2771 2954 scrupulorum
2816 2833 2911 2947 5'.
2950 2835 3119 2949 42⁹¹.
3196 2839 3556 2928 Debebat
3593 2864 3856 2930 autem
3892 2843 4049 2932 esse.

1375 2955 1930 3071 scrupulorum
1958 2949 2044 3066 3'.
2073 2949 2242 3066 56⁰.
2299 2980 2480 3065 quae
2523 2951 2661 3035 illa
2696 2952 2950 3035 minor
2990 2949 3101 3036 est
3126 2949 3509 3066 scrupulis
3542 2943 3631 3040 1'.
3653 2953 3823 3068 46⁰.
3884 2957 4061 3042 Ita*

1433 3101 1531 3156 ue
1563 3069 2033 3153 tantundem
2072 3065 2444 3181 quotidie
2478 3063 2756 3151 deficit
2793 3063 3307 3178 horologium
3349 3063 3395 3148 a
3430 3095 3614 3154 vera
3635 3125 3664 3172 ‚
3726 3069 4051 3156 seume·

1365 3101 1548 3287 gia,
1603 3183 1910 3267 dierum
1945 3178 2318 3264 mensura.

1481 3297 1886 3379 Caeterum
1921 3290 2077 3375 alio
2111 3298 2439 3401 quoque
2472 3280 2718 3369 modo
2739 3347 2767 3389 ,
2822 3284 2927 3368 ad
2965 3281 3207 3370 solem
3229 3350 3257 3392 ,
3309 3283 3711 3404 horologii
3745 3313 4067 3382 motum

1373 3409 1810 3491 examinare
1849 3403 2142 3486 licebit.
2253 3399 2414 3490 Sed
2470 3397 2604 3482 hic
2648 3398 2810 3507 jam
2862 3397 3415 3510 inaequalitatis
3476 3401 3789 3486 dierum
3828 3428 4053 3492 natu-

1375 3520 1656 3604 ralium
1693 3515 1895 3600 ratio
1933 3513 2292 3598 habenda
2326 3511 2502 3594 erit.
2630 3511 2835 3592 Sunt
2872 3511 3082 3593 enim
3117 3566 3148 3609 ‚
3219 3531 3311 3594 ut
3340 3514 3503 3622 jam
3548 3513 3724 3598 dixi
3764 3574 3795 3617 ,
3885 3547 4051 3605 non

1379 3659 1651 3714 omnes
1705 3625 2094 3742 ejusmodi
2145 3625 2315 3710 dies
2372 3624 2577 3707 inter
2629 3617 2707 3705 se
2762 3621 3102 3733 aequales
3144 3669 3172 3724 5
3264 3631 3343 3706 &
3386 3651 3843 3739 quanquam
3879 3632 4053 3714 exi..

1377 3761 1623 3864 guum
1661 3739 1757 3828 fit
1792 3737 2206 3824 discrimen
2246 3794 2275 3839 ,
2360 3756 2621 3819 tamen
2664 3731 3010 3847 plurium
3047 3734 3351 3820 dierum
3385 3737 3811 3824 intervallo
3850 3741 4057 3854 saepe

1380 3881 1484 3939 eo
1517 3845 1769 3968 u'sque
1801 3851 2182 3937 excrescit
2197 3914 2226 3961 ‚
2282 3868 2374 3933 ut
2408 3847 3026 3956 haudquaquam
3057 3847 3457 3932 contemni
3486 3851 3753 3962 poflit.
3864 3853 4057 3940 Ete-

1385 3967 1550 4056 nim
1589 3967 1649 4050 sr
1682 3973 1770 4051 Bc
1811 3965 2179 4049 solarium
2237 3987 2478 4074 quarn
2533 3955 3074 4073 perfefitiffime
3115 3958 3597 4074 descriptum
3632 3961 4059 4077 habeatur,

1387 4089 1474 4166 δε
1530 4077 1934 4191 horologii
1991 4073 2378 4163 automati
2435 4093 2701 4156 motus
2758 4069 2863 4154 ad
2900 4069 3363 4158 veriffimam
3402 4073 3716 4160 dierum
3746 4077 4061 4165 mensu·

1387 4219 1556 4282 ram
1594 4191 1916 4278 exastus
1953 4188 2052 4272 fit
2070 4247 2099 4288 ‚
2153 4213 2420 4301 neque
2457 4185 2555 4268 ab
2587 4212 2679 4269 ea
2710 4183 3021 4272 recedat
3057 4231 3084 4287 5
3158 4185 3468 4271 eveniet
3502 4208 3761 4278 tamen
3801 4190 4061 4278 neces-

1389 4309 1594 4393 sario
1625 4329 1720 4390 ut
1740 4364 1769 4406 ‚
1823 4301 2054 4388 certis
2090 4305 2274 4388 anni
2312 4297 2797 4412 temporibus
2816 4364 2845 4405 ‚
2902 4295 3110 4410 saepe
3144 4297 3359 4383 horae
3402 4303 3837 4412 quadrante
3857 4371 3884 4414 ‚
3919 4329 4063 4393 aut

1389 4421 1634 4507 etiam
1672 4415 2049 4504 semihora
2073 4483 2102 4525 ,
2159 4417 2365 4500 inter
2408 4412 2485 4498 se
2519 4411 2966 4526 discrepent
2989 4467 3017 4512 ,
3068 4439 3164 4496 ac
3204 4408 3459 4518 rursus
3498 4413 3711 4501 statis
3749 4438 4065 4538 tempo.

1385 4533 1598 4626 ribus
1631 4530 1847 4623 ultro
1885 4530 2403 4647 concordent3
2522 4523 2719 4614 Hoc
2758 4527 2967 4614 enim
3004 4525 3117 4611 ita
3150 4523 3298 4611 ess‘e
3313 4586 3345 4632 ,
3416 4551 3522 4612 ex
3562 4531 3828 4620 tabula
3866 4560 4064 4623 tem-

3836 4650 4063 4772 poris
