4517 5784
927 429 2591 559 ,c·01NTRovERslA.
2990 447 3143 559 '243

470 588 540 674 ti
559 585 790 679 *casus
823 584 946 670 sui
968 643 994 686 ‚
1037 584 1179 670 'vel
1213 582 1488 698 potius
1508 646 1535 687 ‚
1589 578 1834 691 spatia
1853 640 1880 682 ‚
1937 605 2120 692 quae
2159 599 2629 694 percurrunt
2656 577 2933 668 eodem
2954 604 3152 670 tem.

455 726 704 813 pore,
758 721 944 783 utut
981 723 1277 811 parvo-3
1335 691 1490 776 hoc
1533 690 1744 776 sensu
1780 691 2000 774 sumo
2045 719 2081 774 1
2130 719 2283 804 pro
2314 691 2765 801 velocitate,
2802 722 3146 804 quacum

435 835 1020 922 *omnecorpus
1063 834 1300 924 grave
1336 804 1496 891 five
1529 829 1899 932 magnum
1939 800 2098 887 five
2137 831 2479 915 parvum
2511 806 2799 996 incspit
2828 805 3173 895 desecta·

2646 835 2669 886 1

453 925 641 1008 dere
697 923 930 1035 super
957 919 1224 1034 ‘planis
1248 914 1664 1027 -aequaliter
1705 914 2098 997 melinatis
2138 959 2164 1012 3
2239 942 2419 998 nam
2443 979 2468 1019 ,
2516 939 2608 1001 ut
2673 919 2817 1000 atis
2857 943 3138 1006 notum

437 1033 564 1119 est
581 1092 612 1136 ‚
669 1035 812 1118 illa
847 1032 1223 1116 velocitas
1265 1027 1376 1113 est
1416 1025 1740 1137 aequalis
1778 1028 1858 1108 in
1894 1027 2260 1110 omnibus
2300 1028 2787 1136 corporibus,

445 1189 453 1198 ·
573 1144 996 1255 Cone-ipio
1031 1144 1271 1226 etiam
1291 1195 1319 1240 ‚
1367 1141 1892 1251 quantitatem
1912 1159 2171 1222 motus
2193 1139 2549 1251 corporis
2570 1142 2801 1223 initio
2818 1142 3135 1226 descen.
3226 1115 3243 1137 ⁸

438 1255 578 1342 *sus
595 1255 710 1342 sui
727 1256 918 1338 oriri
933 1281 1036 1340 ex
1053 1251 1284 1336 maffa
1303 1250 1831 1363 multiplicata
1853 1249 2229 1360 perillam
2253 1254 2583 1362 primam
2602 1253 3137 1354 velocitatem3

448 1372 612 1452 His
654 1367 1070 1480 suppositis
1110 1427 1138 1469 ,
1163 1361 1526 1467 constat,
1569 1363 1799 1472 quod
1815 1376 2130 1473 ‘'corpus
2173 1365 2249 1446 A
2286 1385 2633 1457 conetur·
2658 1362 3129 1451 descendere
3166 1375 3169 1380 ’

431 1507 634 1564 tum
671 1481 948 1563 eadem
989 1475 1390 1559 celeritate
1415 1539 1442 1580 ,
1499 1478 1676 1583 ‘qua
1715 1501 2000 1584 corpus
2041 1476 2130 1582 B,
2150 1521 2176 1575 3
2253 1477 2486 1584 quod
2526 1503 2707 1560 cum
2754 1505 2913 1558 non
2952 1477 3133 1588 pos-

445 1591 593 1697 fit,-
643 1589 1018 1702 quoniam
1059 1587 1304 1700 virgae
1337 1585 1697 1694 jun&um
1734 1585 1846 1668 est
1885 1588 1966 1666 in
2004 1585 2308 1695 punito
2352 1587 2423 1669 A
2463 1640 2491 1682 ‚
2569 1591 2788 1694 cujus
2824 1588 3130 1671 ,veloci-

447 1715 918 1788 tastantum
953 1697 1240 1806 est·4ta
1268 1723 1458 1808 „pars
1497 1694 1938 1780 velocitatis
1977 1697 2046 1779 Β
2084 1755 2113 1797 ,
2185 1697 2423 1780 debet
2482 1698 2905 1784 accelerare
2960 1729 3128 1781 mm

428 1831 616 1900 tum
653 1813 1014 1922 corporis
1049 1811 1118 1894 B
1161 1811 1244 1892 in
1284 1807 1637 1918 pendulo
1674 1806 2142 1920 composito.
2209 1808 2435 1912 Tota
2472 1837 2663 1922 ergo
2700 1810 3129 1912 difficultas

439 1922 798 2006 confistit
856 1923 942 2006 in
1005 1922 1154 2006 rite
1197 1920 1794 2038 determinanda
1826 1922 2091 2006 motus
2123 1927 2761 2032 augmentatione
2794 1965 2823 2020 3
2900 1925 3127 2033 quod

435 2034 604 2118 hoc
641 2033 882 2146 pasto
919 2032 1151 2116 facio,
2139 2065 2144 2070 ·
2515 2047 2523 2056 ·
2596 2087 2605 2097 -
3088 2099 3097 2106 .

565 2147 690 2228 Sit
745 2171 802 2228 x
859 2144 1259 2258 quantitas
1298 2165 1556 2228 motus
1595 2142 1950 2254 corporis
1995 2145 2072 2228 A
2109 2145 2190 2226 in
2235 2145 2591 2256 pendulo
2628 2142 3126 2256 composito,

438 2255 800 2342 ’refiduus
857 2255 1203 2341 exceffus
1263 2259 1722 2368 quantitatis
1762 2261 1925 2366 ejus
1969 2279 2231 2340 motus
2273 2260 2423 2339 erit
2463 2283 2656 2370 ergo
2697 2262 2900 2340 A-x
2923 2321 2949 2360 ‚
3007 2263 3125 2346 vis

435 2367 615 2450 haec
653 2369 1057 2478 applicata
1091 2371 1176 2472 ‚in
1217 2371 1292 2448 A
1335 2370 1584 2450 exerit
1625 2369 2012 2474 afflonern
2057 2371 2136 2450 in
2181 2371 2571 2477 punEt‘um=
2623 2367 2871 2450 fixum
2920 2371 3003 2451 D
3042 2379 3127 2454 δε

434 2491 734 2590 'corpus
782 2479 847 2558 Β
879 2534 903 2574 ,
987 2477 1216 2586 quod
1254 2471 1720 2558 confidet-ari
1754 2479 1988 2558 debet
2025 2503 2115 2558 ut
2155 2479 2558 2558 immobile
2601 2479 2838 2586 ipfius
2886 2480 3139 2588 respe-

426 2589 580 2690 &u
640 2587 1058 2700 (quoniam
1099 2587 1391 2668 clarum
1430 2583 1541 2668 est
1564 2641 1591 2683 ,
1648 2608 1936 2694 corpus
1981 2585 2044 2662 B
2087 2585 2369 2668 debere
2404 2583 2695 2667 'censeri
2733 2588 3142 2672 immobile

444 2699 798 2810 respefitu
839 2698 1046 2780 illius
1085 2693 1500 2804 excessus)
1579 2687 1670 2778 Sc
1724 2693 2291 2806 consequenter
2350 2699 2573 2808 virga
2633 2697 2701 2780 B
2758 2699 2839 2778 D
2894 2697 3129 2784 debet

431 2810 908 2894 considerari
945 2832 1032 2892 ut
1068 2807 1316 2892 ‘ve-stis
1355 2813 1575 2920 cujus
1617 2808 2146 2891 extremitates
2187 2805 2658 2891 sustinentur
2692 2809 2774 2890 in
2797 2811 2862 2892 Β
2904 2818 2983 2893 &
3010 2811 3114 2895 D.

309 2993 318 3000 .
433 2921 890 3006 habebimus
911 2949 1106 3033 ergo
1125 2921 1193 3004 Β
1219 2922 1330 3016 Ι),
1357 2948 1431 3026 4.
1454 2922 1558 3004 ad
1584 2923 1660 3003 A
1683 2921 1792 3022 D,
1839 2947 1906 3002 1.
1947 2943 2038 3002 ut
2078 2923 2156 3002 A
2177 2963 2206 2976 -
2231 2932 2309 3000 κ’
2328 2922 2428 3001 ad
2464 2936 2493 3025 ξ
2530 2919 2705 3025 A-;
2739 2948 2795 3002 x
2816 2925 3120 3032 portio·

442 3061 621 3116 nem
656 3032 1004 3114 excessus
1045 3032 1504 3140 quantitatis
1541 3052 1805 3112 motus
1843 3030 2200 3139 corporis
2246 3032 2323 3112 A
2362 3087 2391 3134 ,
2461 3057 2653 3141 quae·
2680 3037 3113 3128 communi»,
3146 3075 3157 3100 x

396 3145 670 3226 *catur
699 3143 1018 3253 corpori
1057 3145 1126 3222 B
1172 3187 1196 3240 3
1273 3142 1386 3223 ita
1419 3169 1510 3229 ut
1547 3142 1946 3251 quantitas
1987 3161 2246 3224 motus
2290 3141 2645 3254 corporis
2690 3143 2759 3224 B
2801 3144 2878 3224 in
2920 3171 3111 3252 pen-

427 3256 641 3339 ·dulo
681 3251 1259 3366 compofito-'fit
1298 3253 1516 3338 B··—-1-
1551 3267 1582 3360 ζ
1621 3256 1748 3338 A·
1784 3269 1816 3360 a}
1853 3253 2034 3334 x-id
2065 3249 2180 3333 est
2221 3255 2545 3362 {A-gx
2586 3299 2609 3352 3
2688 3245 2872 3364 Jam
2920 3283 3113 3340 vero

435 3388 771 3478 propter
805 3371 1113 3475 'virgam
1149 3363 1586 3448 inflexilem
1628 3363 1708 3444 D
1750 3363 1816 3446 B
1859 3365 2238 3448 velocitas
2290 3365 2641 3476 corporis
2689 3358 2754 3446 B
2796 3367 2889 3448 in·
2921 3393 3115 3476 pen·-

380 3572 389 3578 ,
438 3479 639 3558 dulo
695 3475 1137 3590 composito
1197 3477 1431 3560 debet
1509 3470 1926 3560 necessario
1987 3467 2145 3559 effe
2210 3476 2655 3586 quadrupla
2726 3477 3103 3562 'velocita-

323 3642 339 3662 .
421 3588 536 3670 'tis
579 3593 936 3698 corporis
976 3589 1089 3678 A,
1173 3597 1252 3672 &-
1292 3586 1862 3697 consequenter
1896 3581 2128 3671 etiam
2165 3590 2563 3698 quantitas
2600 3590 2759 3696 ejus
2800 3612 3109 3686 motus,

433 3700 813 3808 quoniam
855 3721 1190 3807 corpora
1229 3699 1402 3779 sunt
1441 3699 1774 3808 oequalia
1810 3743 1835 3798 3
1921 3697 2148 3782 ‘unde
2190 3699 2542 3806 sequitur
2585 3699 2918 3803 aequalia
2960 3701 3111 3780 effe

437 3837 496 3914 4
530 3835 586 3890 x
629 3819 708 3892 &
741 3825 772 3918 g
815 3813 892 3892 A
935 3849 962 3862 ·
999 3824 1029 3916 ξ
1067 3831 1122 3887 x
1155 3808 1364 3888 unde
1403 3809 1824 3888 deducitur
1857 3809 2084 3890 valor
2120 3808 2363 3914 ipsius
2406 3831 2461 3885 x
2488 3819 2584 3908 ,ᾖ
2612 3808 2679 3884 Α
2704 3869 2729 3907 ,
2810 3809 3117 3914 quiex·-

440 3921 712 4030 primit‘
817 3909 1274 4004 uantitatet'n
1318 3919 1972 4025 motus-corporis
2013 3918 2086 4000 A
2131 3918 2210 3995 in
2257 3915 2605 4030 pendulo
2640 3919 3111 4027 composito,

439 4031 619 4142 Jam
664 4031 720 4111 s1
752 3949 900 4115 gat
923 4061 962 4135 ‚·
1003 4051 1095 4113 ut
1130 4045 1184 4138 ς,
1220 4095 1244 4134 ,
1299 4026 1676 4112 velocitas
1715 4027 2070 4136 corporis
2110 4031 2186 4108 A
2222 4027 2306 4108 in
2332 4027 2693 4138 pendulo
2730 4030 3119 4139 composi*-

435 4155 532 4224 'to
576 4199 602 4239 ,
671 4135 782 4223 est
839 4147 940 4224 ad
1001 4171 1072 4240 1,
1135 4139 1634 4224 velocitatem
1678 4203 1705 4244 ,
1779 4139 2126 4220 omnium
2172 4165 2591 4250 corporum
2637 4142 2993 4248 gravium
3039 4145 3117 4225 in

431 4253 942 4336 ‘extremitate
979 4251 1503 4364 pendulornm
1548 4249 2016 4363 fimpli'c‘ium
2061 4306 2085 4346 ,
2160 4251 2269 4332 ita
2314 4251 2395 4331 D
2438 4253 2511 4331 A
2556 4313 2581 4351 ,
2668 4279 2691 4328 1
2746 4293 2767 4343 3
2846 4249 2957 4332 est
3017 4254 3117 4333 ad

447 4366 532 4445 D
577 4369 706 4470 G,
773 4377 826 4420 ¹⁷
895 4369 1042 4446 erit
1078 4363 1252 4444 haec
1291 4363 1716 4474 longitudo
1759 4359 2494 4470 pendulifimplicis
2530 4360 2921 4442 isochroni
2959 4406 2982 4459 3
3062 4363 3121 4445 fi

429 4502 652 4558 *emm
709 4427 956 4588 spiz'tia
1010 4475 1216 4572 sunta
1246 4474 1448 4558 inter
1506 4469 1583 4554 se
1643 4492 1734 4554 ut
1791 4470 2256 4556 'velocitates
2300 4523 2326 4562 ‚
2404 4491 2755 4581 tempora
2794 4465 3133 4602 aequalia

423 4585 644 4688 ‘sunta
1493 4709 1498 4720 ι
2063 4619 2068 4624 ·
2143 4577 2309 4662 Hh
2368 4599 2409 4661 2
2500 4606 2505 4619 ·
3050 4585 3135 4668 81
3211 4680 3232 4688 ,
