4517 5784
895 451 2551 550 ‚eoNTRovERsrffl
2922 495 3119 587 ιθ

343 655 360 664 —
425 595 706 698 fuerat..
789 596 1448 686 Animadvertens
1480 594 1800 712 itaque,
1855 593 2220 678 Cat-clani
2322 595 2747 707 rincipium
2784 596 2883 678 ab
2924 603 3109 686 Hu-
3202 663 3207 670 .

529 721 666 801 nio
729 737 888 800 non
945 707 1390 800 refutatum
1443 704 1595 796 effe
1636 770 1663 811 ,
1737 711 1826 820 &¹
1873 733 2030 818 ego
2093 625 2315 789 illuc}³
2362 709 2738 791 intaEtum
2778 708 3110 826 reliqui,

456 829 770 914 ufficere
827 822 1022 911 mihi
1077 842 1300 904 ratus·
1333 883 1370 922 ,,
1447 815 1508 897 fi
1543 817 2110 928 Hugenianum
2149 817 2604 927 responsum
2654 815 3111 931 [impliciter

422 941 904 1052 applicarem
941 933 1042 1015 ad
1081 927 1540 1044 praesentem
1579 928 2184 1014 controversiam
2226 989 2260 1030 ,
2348 925 2760 1038 propofito
2800 959 2981 1016 eum
3018 936 3109 1018 in

422 1051 661 1137 finem
711 1044 1098 1155 exemplo
1166 1038 1498 1155 penduli
1539 1091 1566 1134 ,
1649 1067 1696 1120 e
1750 1038 2074 1120 duobus,
2138 1040 2574 1150 :equalibus
2632 1041 3107 1149 ponderibus

422 1158 846 1274 compositi
885 1202 910 1255 3
985 1155 1120 1236 ubi
1151 1156 1474 1233 innuere
1517 1149 1786 1236 saltem
1823 1148 2046 1234 volui
2084 1205 2119 1246 ,
2183 1149 2425 1259 'quod
2483 1147 2892 1258 suppofito
2954 1185 3105 1264 pro

421 1275 657 1355 totali
685 1274 850 1379 ejus
887 1263 1284 1351 celeritate
1321 1287 1650 1348 numero
1687 1260 2028 1344 ternario
2085 1260 2547 1370 (quicquid
2582 1251 2959 1345 stat'uatur
2998 1269 3107 1352 de

418 1382 940 1468 celeritatibus
973 1375 1390 1481 utriusque
1426 1371 1838 1484 separatim
1879 1367 2204 1480 spestati
2243 1372 2617 1481 ponderis
2657 1432 2685 1472 ,
2740 1372 3101 1456 dummo-
3163 1383 3166 1386 ’

419 1496 532 1576 do
571 1520 684 1574 eae
723 1489 869 1572 fint
907 1489 986 1568 in
1031 1487 1324 1568 ratione
1373 1511 1414 1568 2
1461 1483 1570 1566 ad
1612 1481 1704 1591 1)
1763 1482 2166 1591 quadrata:
2189 1493 2277 1593 ξς
2316 1489 2396 1566 &
2424 1495 2492 1589 ξ,
2508 1507 2607 1563 ex
2628 1503 2887 1564 mente
2912 1485 3107 1568 Hu-

417 1605 631 1727 genii
687 1597 1120 1710 significare
1176 1594 1520 1678 debeant.
1551 1619 1720 1676 non.
1751 1593 1902 1692 nist
1933 1596 2305 1674 tationem
2346 1588 2853 1678 altitudinum
2893 1647 2917 1687 ,
2989 1597 3099 1682 ad

415 1741 612 1825 quas
649 1711 1066 1794 ascendant
1111 1707 1460 1816 separata
1497 1703 1846 1813 pondera
1885 1757 1911 1796 ,
1987 1702 2309 1786 minime
2348 1729 2540 1786 vero
2581 1701 2777 1813 ipsus
2816 1702 3093 1787 altitu-

413 1832 622 1908 dines
679 1820 974 1936 (quod
1025 1815 1192 1926 ipse
1245 1840 1572 1925 quoque
1615 1810 2126 1923 postmodum
2165 1813 2627 1923 indigitavit
2668 1815 3100 1926 Hugenius.

409 1933 496 2027 'in
531 1933 867 2016 secunda
907 1923 1433 2036 responfione,
1475 1927 1520 2005 8
1559 1921 1748 2035 jun.
1809 1925 2034 2030 1684.
2061 1923 2166 2034 ³¹¹²)
2227 1928 2511 2036 partim
2550 1928 2921 2034 quoniam
2964 1957 3137 2011 cce-⁵
3171 1927 3387 2011 {nden-
3481 1921 3491 1930 ”

414 2047 756 2129 letitates
795 2061 1038 2148 atque
1077 2035 1530 2116 altitudines
1573 2087 1599 2130 ‚
1655 2053 1940 2144 utpote
1977 2039 2453 2144 quantitates
2495 2035 3032 2145 heterogeneae
3056 2099 3077 2130 ,
3100 2037 3413 2090 ¹²¹²P²⁸·²³²'

421 2157 498 2239 se
535 2173 816 2236 mutuo
851 2145 1290 2232 mensurare
1327 2170 1488 2227 non
1533 2141 1850 2254 possunt
1883 2190 1908 2244 3
1985 2147 2273 2256 partim
2314 2148 2547 2230 etiarn
2588 2208 2625 2249 ,.
2690 2145 2877 2256 quia
2919 2151 3089 2258 ipse

417 2266 846 2349 Catelanus
886 2284 1164 2372 urgere
1197 2254 1466 2338 saltem
1511 2253 1928 2338 videbatur
1969 2311 1998 2352 ,
2069 2255 2525 2340 altitudines
2577 2255 2727 2340 effe
2776 2278 3089 2367 propor-

413 2373 726 2466 tionales
755 2366 1207 2481 quadratis,
1261 2365 1394 2447 vel
1409 2363 1618 2464 ficut
1655 2365 2033 2474 quadrata
2067 2369 2596 2466 celeritatum.;
2658 2369 2955 2452 tametsi
2999 2371 3093 2456 in

413 2486 778 2600 proxime
829 2475 1188 2587 sequenti
1249 2472 1562 2554 calculo
1614 2477 1998 2578 quadrata
2048 2475 2190 2554 ista
2231 2503 2381 2580 pro
2418 2478 2603 2582 ipfis
2640 2478 3087 2560 altitudini-

410 2603 554 2682 bus
587 2590 1050 2676 adhibuerit.
1162 2581 1653 2688 Comparate
1702 2580 1902 2660 mih-i
1963 2582 2205 2688 paulo
2265 2579 2445 2690 post
2485 2637 2529 2678 ,.
2588 2591 2668 2664 δε
2726 2583 3090 2693 perlecto·-

410 2703 778 2818 Hugenii
815 2701 1018 2784 libro
1037 2759 1063 2799 ,
1119 2689 1826 2774 animadvertebam
1856 2746 1888 2786 ‚
1963 2689 2587 2800 Propofitionem
2630 2716 3085 2780 controver-

409 2823 563 2904 sam
601 2841 704 2898 ex
745 2811 1002 2924 priore
1041 2798 1676 2915 Hypothefium„
1733 2823 1930 2908 quas
1969 2801 2274 2885 Αιιξὶτοῑ
2306 2803 2537 2888 initio
2574 2800 3079 2902 stabiliverat,

407 2929 607 3014 adeo
637 2924 1044 3008 evidenter
1079 2911 1385 3000 inferri,
1429 2933 1516 2992 ut
1560 2931 1838 2992 neutra
1859 2910 2200 3022 ‘infringi
2236 2913 2560 3022 poffit·‚‚
2615 2917 2807 3023 quin
2844 2916 3087 3000 fimul·

407 3055 804 3122 evertatur
831 3031 1126 3122 ·al¹tera.;
1183 3021 1556 3131 quocirca
1581 3020 2074 3128 judicabam,
2129 3019 2186 3101 fi
2226 3023 2622 3104 Catelano
2658 3021 2845 3108 falsa
2874 3021 3071 3108 fuis·

409 3151 522 3232 set
557 3143 731 3228 visa
767 3133 1206 3251 propositio
1250 3185 1276 3224 ,
1349 3155 1528 3210 eum
1597 3130 1876 3236 potius.
1901 3130 2142 3236 ipsam
2179 3132 2469 3214 adoriri
2508 3133 2849 3214 debuisse
2892 3137 2977 3216 H
2988 3165 3079 3247 y..

408 3253 766 3370 pothefin
790 3315 820 3355 ,
851 3266 1386 3356 magnumque
1415 3239 1622 3319 ‘illud
1663 3239 1858 3325 inibi
1894 3261 2351 3325 contentum
2378 3235 2877 3350 Principiuni’
2900 3248 3085 3328 Me-

409 3369 846 3457 chanicum.
950 3359 1252 3444 Verum
1291 3350 1500 3432 enim
1537 3375 1741 3434 veto
1771 3377 1962 3436 cum.
1989 3352 2219 3462 hujus
2257 3352 2631 3460 principii
2670 3356 3091 3443 veritatem

407 3480 636 3565 nullo
663 3480 836 3584 ju‘re
874 3471 965 3550 in·
993 3466 1319 3550 dubium
1355 3487 1720 3546 revocare
1757 3461 2050 3566 possem
2075 3527 2102 3566 ,
2156 3485 2397 3573 atque
2432 3462 2653 3547 fimul
2690 3468 2923 3548 etiam
2964 3468 3079 3550 se-

406 3592 598 3675 riem
650 3579 1038 3668 ratiocinii
1097 3607 1142 3660 a
1197 3570 1589 3656 Catelano
1659 3569 1830 3653 satis
1889 3572 2209 3656 confuse
2268 3574 2647 3682 propofiti
2702 3578 3083 3661 evolvero

407 3694 855 3808 coepiffem,
914 3711 1246 3772 errorem
1280 3687 1446 3791 ejus
1479 3683 1748 3766 detexi
1785 3682 2052 3790 illico,
2109 3683 2537 3792 falsamque
2576 3690 2923 3792 cognovi
2959 3689 3074 3766 ess-

405 3811 532 3910 se,
568 3835 728 3918 qua
761 3799 1195 3888 nitebatur,
1263 3791 1664 3902 regulam,
1722 3794 2092 3874 nimirum
2137 3823 2154 3874 :
2235 3792 2719 3874 Celeritatem
2758 3791 3079 3875 totalem

391 3915 706 4034 penduli
745 3905 1120 4020 composta·
1148 3897 1513 4012 equalem
1546 3899 1682 4006 effi
1699 3899 2026 4006 summae
2057 3897 2535 3983 celeritatem
2543 3905 2884 4010 partium
2904 3906 3079 4013 qus

383 4033 956 4151 fiparatarum.
1037 4019 1313 4123 Atque
1352 4029 1442 4093 ut
1475 4006 1923 4106 ostendam,
1981 4009 2599 4094 animadversum
2642 4013 2835 4094 mihi
2872 4008 3087 4098 fuis..

406 4146 481 4228 'se
499 4163 876 4240 errorem,
911 4129 1380 4238 priusquam
1419 4119 1784 4229 Hugenii
1823 4119 2154 4226 epistola
2191 4123 2294 4206 de
2335 4128 2406 4206 8.
2450 4121 2640 4234 Jun.
2684 4122 2937 4206 lucem
2986 4157 3071 4209 a.

405 4247 772 4366 spexiss'et
793 4309 822 4349 ,
861 4240 1178 4326 afferam
1218 4234 1348 4318 hic
1389 4231 1690 4316 causam
1731 4230 1844 4339 ph
1901 4229 2132 4314 {icam
2174 4290 2200 4331 ‚
2258 4233 2603 4316 omiffam
2643 4239 2745 4317 ab
2780 4236 3075 4346 Huge..

405 4371 545 4451 nio
565 4428 594 4470 ,
646 4385 814 4469 qua
849 4353 945 4436 fit
965 4413 994 4454 ,
1049 4367 1140 4430 ut
1175 4343 1508 4451 penduli
1545 4369 1834 4448 compo
1896 4345 1960 4422 ti
1997 4344 2346 4458 celeritas
2387 4366 2771 4450 perpetuo
2808 4347 3077 4430 minor

403 4475 502 4582 fit
539 4472 932 4566 celeritate.
961 4458 1304 4569 partium
1338 4452 1502 4564 >ejus
1542 4451 2099 4560 separatarum:
2159 4455 2551 4538 Ponamus
2572 4454 2879 4562 majoris
2900 4459 3071 4540 evi.

418 4617 426 4625 ·
459 4595 500 4609 ''
2870 4563 3067 4672 deu:

3010 4688 3049 4725 Ο

2970 4759 3020 4792 s
3154 4751 3166 4777 Ι
