4517 5784
1444 463 1600 548 240
1875 423 2072 514 DE
2185 416 2909 516 CENTRO
3012 419 3686 516 ‘OSGILL's

971 644 981 654 ,
1084 597 1428 647 nmxvm
1448 571 1730 653 dentiae
1768 593 1962 678 ergo
1987 626 2012 668 ,
2071 563 2419 671 pondera
2453 563 2783 672 penduli
2818 564 2911 646 A‘
2934 569 3015 646 &
3064 563 3131 646 Β
3176 565 3258 646 in
3294 562 3501 646 linea
3540 560 3883 648 in-flexili
3924 559 4011 650 D
4048 555 4128 652 Β

1091 675 1184 723 m
1223 675 1266 715 ⁵'
1301 699 1306 702 ’
1447 684 1682 766 libere
1725 681 1907 762 hinc
1947 678 2128 758 inde
2173 679 2473 758 moveri
2508 675 2719 784 pofl‘e
2740 733 2767 774 ,
2810 675 2915 758 s1c
2958 695 3047 755 ut
3084 675 3291 756 linea
3329 674 3541 766 haec.
3588 675 3784 758 dum
3818 696 4129 768 rotatur
4198 669 4209 688 ‘

1456 795 1666 878 circa
1700 817 1926 872 axem
1971 790 2052 868 D
2087 847 2123 888 ·‚
2197 789 2554 894 quamvis
2594 787 2849 871 secum
2887 786 3134 892 rapiat
3173 785 3520 894 pondera
3561 848 3586 890 ,
3669 813 3831 869 non
3869 810 4130 892 tamen

1461 903 1841 1011 impediat*
1883 897 2349 980 descensum
2404 898 2721 982 illorum
2772 902 2857 981 in
2914 897 3115 980 linea
3163 894 3381 978 recita
3436 915 3789 980 centrum
3852 899 4129 988 Terrae

1464 1012 1751 1098 versus.
1867 1013 2061 1117 Qto
2102 1007 2409 1115 posrt0‚
2468 1005 2769 1090 constat
2796 1063 2821 1101 ,
2878 1006 3333 1090 utrumlibet
3368 1007 3687 1113 pondus
3728 1008 4131 1118 figillatim

1460 1123 1846 1208 dimissum
1891 1177 1914 1214 ,
1987 1119 2254 1200 eadem
2302 1117 2696 1200 celeritate
2730 1117 2977 1202 latum
3016 1118 3111 1198 iri
3153 1180 3179 1220 ,
3236 1142 3413 1224 ‘qua
3456 1113 3785 1220 ferretur
3832 1121 4125 1232 absque

1464 1239 1690 1345 virga
1731 1233 1810 1314 D
1857 1233 1921 1314 Β
1951 1284 1976 1324 ,
2054 1250 2342 1333 utpote
2382 1256 2522 1310 nec
2562 1256 2607 1308 a
2648 1228 2917 1340 virga,
2978 1255 3119 1308 nec
3158 1227 3255 1308 ab
3290 1230 3449 1335 ejus
3488 1255 3635 1312 axe
3672 1230 3845 1312 ullo
3872 1237 4125 1318 modo

1469 1345 1938 1453 impeditum
1977 1385 2001 1438 3
2079 1340 2164 1418 id
2195 1336 2307 1418 est
2348 1335 2400 1416 fi
2442 1339 2755 1446 pondus
2792 1350 2865 1420 A
2906 1339 3201 1446 absque
3242 1337 3465 1447 virga
3490 1359 3721 1421 «certo
3770 1361 4137 1450 tempore.

1457 1453 1792 1538 ‘conficit
1821 1450 2162 1559 spatium
2212 1451 2286 1530 A
2332 1447 2421 1528 H
2464 1504 2489 1546 ‚
2568 1457 2648 1531 δε
2682 1450 2992 1557 pondus
3034 1449 3101 1530 B
3148 1446 3487 1554 spatium
3523 1450 3823 1558 aequale
3866 1453 3934 1533 B
3982 1456 4121 1555 N,

1355 1554 1359 1563 ’
1467 1587 1890 1672 utrumque
1929 1561 2162 1642 etiam
2187 1586 2377 1666 cum
2417 1563 2686 1671 virga,
2745 1557 2879 1642 sed
2917 1556 3365 1670 sigillatim,
3425 1558 3815 1644 dimissum
3848 1564 4125 1650 eodem

1463 1699 1830 1781 tempore
1865 1673 2080 1756 -idem
2129 1669 2463 1774 spatium
2504 1677 2577 1752 A
2630 1670 2717 1751 H
2750 1677 2843 1752 &
2888 1669 2951 1748 Β
3002 1670 3091 1751 Ν
3126 1667 3525 1750 conficiet.
3636 1669 3979 1755 Constat
4010 1679 4124 1758 in.

1471 1787 1700 1893 super
1740 1843 1770 1889 ,
1851 1782 2088 1892 quod
2145 1779 2198 1861 s1
2247 1783 2594 1890 ⁴gravitas
2650 1779 2731 1859 in
2773 1801 3201 1886 utrumque
3252 1779 3566 1886 pondus
3626 1805 3894 1892 ageret·
3944 1788 4121 1870 viri-

1461 1900 1612 1980 bus
1636 1953 1661 1990 ‚
1741 1905 1920 2004 ‘quae
1980 1894 2596 1999 proportionatae
2658 1887 2917 1971 forent
2970 1889 3319 1996 ipsorum
3375 1890 3821 1998 respectivis
3856 1896 3951 1976 ‘ab
3984 1923 4120 1979 axe

1469 2006 1869 2089 distantiis
1895 2059 1918 2100 ‚
1957 2004 2180 2112 virga
2213 2001 2517 2082 nullum
2562 2000 2823 2082 adhuc
2863 1999 3205 2106 ipsorum
3238 1998 3645 2084 descensui
3668 2003 3975 2088 afferret
3993 2007 4126 2088 im*-

1470 2119 2009 2226 pedimentum
2033 2177 2058 2217 ,
2094 2135 2509 2220 propterea
2548 2114 2919 2219 quoniam
2960 2111 3243 2192 exacto
3272 2133 3491 2191 certo
3512 2132 3867 2220 tempore
3886 2143 4125 2200 unum

1474 2254 1744 2308 eorum
1786 2225 2243 2330 reperiretur
2280 2224 2363 2302 in
2412 2224 2493 2304 H
2529 2229 2609 2304 ὃς
2650 2218 2981 2307 alterum
3016 2221 3096 2304 in
3144 2223 3185 2304 1
3211 2284 3237 2324 ,
3292 2221 3421 2308 vel
3454 2225 3665 2329 prius
3704 2224 3787 2306 in
3830 2227 3952 2324 L,
3988 2255 4129 2334 po·

1475 2335 1750 2418 sterius
1791 2336 1871 2413 in
1915 2334 2000 2414 N
2031 2391 2050 2422 ,
2111 2331 2270 2414 five
2312 2333 2603 2446 absque
2644 2333 2917 2439 virga,
2972 2331 3131 2413 five
3166 2357 3349 2412 cum
3403 2337 3665 2444 virga,
3724 2333 3882 2420 five
3923 2336 4131 2448 figil.

1477 2445 1702 2527 latim
1799 2442 1955 2526 five
2029 2443 2510 2549 conjunstim
2586 2440 3193 2524 dimitterentur.
3316 2441 3617 2527 Verum
3674 2446 3883 2526 enim
3938 2475 4135 2532 vero

1475 2556 1857 2666 quoniam
1912 2553 2249 2665 gravitas
2304 2552 2386 2633 in
2446 2572 2879 2658 utrumque
2933 2552 3245 2659 pondus
3286 2552 3453 2663 agit
3488 2552 3781 2640 viribus
3816 2557 4133 2667 :equali-

1473 2668 1618 2750 bus
1659 2730 1684 2768 ‚
1755 2664 1859 2746 fic
1917 2683 2004 2746 ut
2058 2663 2411 2770 pondera
2448 2662 2727 2744 eodem
2769 2681 3121 2769 tempore
3158 2661 3490 2773 aequalia
3522 2662 3767 2772 spatia
3803 2668 3879 2750 A
3918 2670 4007 2751 H
4050 2677 4131 2753 δε

1479 2777 1552 2861 Β
1605 2777 1690 2858 N
1738 2775 2156 2884 transigere
2191 2776 2639 2865 annitantur
2664 2826 2688 2866 ,
2750 2781 2832 2855 &
2874 2783 3131 2854 tamen
3170 2775 3459 2856 interea
3498 2775 3811 2884 pondus
3850 2780 3924 2860 A
3950 2782 4137 2887 jun-

1481 2887 1668 2968 &im
1706 2883 2145 2986 dimissum,
2183 2883 2289 2968 ob
2321 2880 2757 2966 inflexilem
2795 2885 3095 2995 virgam
3118 2945 3139 2976 ‚
3200 2886 3479 2995 nequit
3513 2887 3950 2998 pertingere
3987 2878 4138 2974 nisi

1469 2997 1586 3078 -ad
1635 2996 1754 3098 L,
1795 2995 1988 3076 dum
2026 2993 2341 3101 pondus
2386 2994 2447 3076 B
2482 2996 2643 3101 jam
2674 2989 2792 3074 est
2832 2993 2915 3076 in
2960 2995 3047 3077 N
3076 3059 3102 3097 ‚
3139 2995 3322 3080 hinc
3360 2991 3756 3105 sequitur,
3798 3001 4139 3108 gravita-

1470 3109 1582 3190 'tis
1619 3107 1780 3187 vim
1817 3106 1896 3189 in
1923 3105 2281 3212 pondere
2320 3106 2395 3188 A
2430 3130 2591 3189 non
2620 3100 2775 3186 esst
2810 3103 3267 3188 exhaustam
3291 3153 3317 3204 3
3364 3107 3725 3216 adeoque
3747 3108 4143 3194 refiduum

1479 3218 1756 3299 harum
1797 3216 2130 3318 virium-ff,
2169 3239 2273 3298 ex
2312 3241 2465 3297 una
2495 3237 2725 3322 parte
2762 3237 3035 3326 urgere
3070 3217 3347 3300 debere
3370 3241 3669 3324 corpus
3708 3220 3779 3302 B
3804 3275 3833 3315 ‚
3891 3247 3996 3302 ex
4036 3224 4147 3303 al·

1481 3349 1654 3408 tera
1689 3325 1941 3430 ipsum
1977 3347 2204 3406 ‘axem
2249 3326 2329 3407 D
2353 3387 2380 3428 ,
2426 3326 2923 3434 eundemque
2968 3327 3399 3434 premendo
3434 3327 3781 3436 aliquam
3818 3330 3941 3414 sui
3976 3359 4149 3439 par-

1469 3457 1645 3518 tem
1706 3431 1996 3516 ibidem
2052 3435 2435 3518 insumere
2497 3443 2577 3517 ὃ(
2635 3437 3061 3542 deperdere
3100 3483 3125 3538 3
3204 3437 3596 3549 :siquidem
3634 3439 3865 3551 virga
3902 3431 4153 3530 hocce

1475 3545 1674 3628 casu
1718 3543 1950 3626 instar
1975 3546 2223 3626 vestis
2252 3547 2721 3629 considerari
2748 3545 3031 3654 possit-2
3076 3569 3325 3657 prout
3350 3565 3581 3630 ‘extra
3604 3549 3959 3634 dubium
3992 3553 4153 3653 est3

1533 3657 1716 3738 ‘uod
1761 3653 1812 3734 fi
1841 3681 2140 3760 corpus
2189 3656 2254 3736 B
2304 3656 2611 3739 infinite
2646 3657 2867 3740 tarde
2892 3662 3243 3757 moveri,
3326 3659 3415 3742 id
3450 3658 3566 3742 est
3596 3713 3635 3765 -‚
3703 3659 4029 3746 firmum
4074 3673 4161 3750 δε

1491 3683 1759 3848 flabile
1787 3759 1946 3846 effe
1983 3766 2467 3878 intelligatur
2508 3769 2704 3850 ficut
2760 3770 2923 3850 axis
2982 3772 3065 3852 D
3108 3831 3129 3861 ‚
3228 3796 3511 3877 corpus
3571 3773 3647 3854 Ἀ
3687 3781 4003 3878 ‘partem
4034 3774 4165 3860 -sui

1485 3877 1862 3981 ponderis
1933 3903 2160 3984 :eque
2223 3881 2305 3958 in
2362 3901 2587 3961 axem
2633 3882 2715 3961 D
2776 3902 3014 3989 atque
3070 3883 3149 3962 in
3206 3907 3501 3989 corpus
3562 3883 3629 3964 B
3676 3881 4168 3972 transferret.

1488 3984 1622 4067 Ex
1664 3985 2032 4068 hactenus
2071 3987 2301 4069 distis
2340 3988 2719 4098 colligere*
2754 3991 3109 4094 proclive
3134 3991 3258 4074 est
3288 4047 3321 4095 3
3394 3991 3459 4072 -fi
3488 3992 3675 4100 quis
3708 3997 4171 4084 examinare

1479 4096 1778 4194 vellet,
1827 4116 2196 4205 quantam
2237 4118 2533 4202 partem
2576 4100 2987 4183 celeritatis
3024 4103 3173 4184 suae
3208 4103 3527 4206 pondus
3566 4105 3643 4184 A
3680 4102 3762 4184 in
3793 4131 4173 4214 premen-

1475 4206 1601 4298 do
1637 4233 1786 4290 axe
1827 4209 1906 4287 D
1939 4205 2401 4288 consumere
2438 4209 2761 4310 debeat,
2794 4237 2969 4290 eum
3006 4213 3339 4314 exinde3
3376 4213 3767 4294 imitando
3813 4218 3988 4302 Dn.
4010 4223 4177 4306 Ca·

1486 4318 1732 4400 telani
1772 4315 2320 4412 ratiocinium,
2375 4319 2779 4400 veritatem
2820 4337 2952 4400 aut
2992 4316 3405 4404 falsitatem
3448 4323 3959 4434 Hugenianae
3990 4331 4087 4413 H

1483 4427 1907 4544 potheseos
1939 4490 1978 4532 ‚v
2023 4429 2267 4538 inque
2306 4427 2451 4514 hac
2476 4426 2835 4520 ‚fundatae
2876 4430 3478 4545 PropositioniS,
3518 4435 3897 4558 detegere
3933 4362 4185 4638 90Ξέ

2618 4571 2625 4582 “
4102 4587 4190 4634 0-
