4517 5784
1400 459 1500 567 36
1887 423 2797 544 CHRISTIANI
2909 457 3555 550 HUGENII

1073 610 1309 660 vuen-
1517 585 1924 670 Caeterum
1959 587 2294 698 penduli
2335 588 2915 702 longitudinem
2937 657 2975 695 ,U
3020 593 3209 674 rotis
3249 593 3922 702 quemadmodum
3939 603 4073 684 di-

1076 677 1342 787 {3335
1402 696 1668 780 ximus
1709 699 2088 782 ordinatis
2128 757 2154 796 ‚
2235 725 2406 780 eam
2454 698 2605 782 effe
2652 723 2975 810 oportet
3015 723 3104 784 ut
3138 701 3505 814 scrupula
3543 706 3883 792 secunda
3923 711 4077 794 sm-

1403 808 1612 922 gulis
1668 811 2092 892 recursibus
2147 812 2520 894 metiatur
2554 876 2579 915 ,
2669 815 2850 920 quae
2919 811 3355 923 longitudo
3439 818 3861 930 tripedalis·
3912 821 4072 927 est,

1401 931 1483 1004 &
1523 922 1944 1004 commode
1999 923 2082 1002 in
2125 921 2519 1004 schemate
2538 921 2900 1004 'exhiberi
2943 951 3113 1006 non
3138 926 3431 1034 potuit.
3553 931 4085 1042 Tripedalem

1395 1033 1584 1114 dico
1605 1087 1631 1130 ,
1705 1061 1864 1114 non
1899 1035 2226 1141 alicujus
2272 1031 2623 1144 respestu
2662 1035 2888 1143 pedis
2926 1037 3071 1144 qui
3107 1037 3323 1146 apud
3367 1035 3583 1123 Euro
3644 1069 3708 1122 ae
3752 1064 4083 1154 gentem-

1391 1142 1598 1227 hanc
1635 1141 1954 1226 illamve
1987 1147 2068 1226 in
2113 1144 2251 1225 usu
2294 1143 2387 1225 fit
2424 1209 2448 1246 ‚
2546 1142 2685 1226 sed
2717 1166 2933 1227 certo
2970 1167 3423 1256 aeternoque
3465 1179 3567 1260 pe
3626 1153 4077 1238 ismodulo

1397 1255 1494 1336 ab
1533 1255 1699 1366 ipsa
1733 1254 1966 1365 hujus
2011 1255 2341 1366 penduli
2384 1255 2887 1365 longitudine
2926 1255 3386 1367 desumpto,
3412 1293 3417 1300 ·
3444 1287 3685 1368 quem
3742 1264 4081 1349 PEDEMa

1401 1365 1494 1448 H
1520 1395 1574 1448 o
1609 1393 1660 1446 n
1686 1391 1735 1446 A
1770 1394 1826 1448 R
1857 1395 1884 1446 1
1915 1393 1982 1449 u-
2006 1397 2074 1448 M
2127 1367 2210 1449 in
2247 1366 2645 1477 posterum
2683 1395 2727 1448 a
2790 1367 3084 1480 pellare
3124 1367 3403 1472 liceat,
3456 1371 3560 1452 ad
3599 1371 4065 1464 illamenim

1397 1479 1750 1560 omnium
1804 1477 2132 1568 aliorum
2190 1477 2492 1590 pedum
2534 1505 2713 1560 men
2750 1507 2907 1562 urae
2942 1477 3208 1562 referri
3248 1480 3539 1562 debent
3576 1507 3769 1591 quas
3810 1487 4069 1571 incon-

1395 1613 1676 1704 ruptas·
1702 1588 2028 1700 posteris
2068 1591 2371 1673 tradere
2415 1588 2923 1673 voluerimus·
2982 1590 3285 1701 Neque
3321 1592 3533 1672 enim
3554 1651 3574 1682 ,
3640 1597 3856 1679 verbi
3892 1626 4073 1709 gra..

1399 1702 1564 1807 ὑὲ,
1619 1702 2106 1814 ignorabitur
2146 1729 2500 1812 unquam
2536 1702 2889 1784 venturis
2934 1699 3231 1785 saeculis
3276 1701 3593 1784 Parifini
3634 1707 3860 1816 pedis
3894 1737 4081 1792 mo-

1399 1813 1548 1896 dus
1588 1879 1614 1918 ‚
1684 1813 1881 1896 dum
1935 1810 2323 1896 constabit
2382 1839 2562 1894 eum
2588 1813 2722 1918 'ad
2779 1811 3075 1896 Pedem
3113 1811 3549 1896 Horatium
3592 1815 3741 1898 esse
3776 1841 3867 1900 ut
3908 1822 4069 1926 864

1400 1925 1507 2004 ad
1545 1928 1727 2006 881.
1787 1925 1948 2006 Sed·
1978 1925 2081 2006 de
2123 1923 2347 2034 hujus
2385 1921 2755 2006 mensurae
2790 1922 3273 2005 exafflssima
3306 1921 3875 2012 constitutione
3889 1929 4081 2042 plu-

1407 2035 1617 2117 ribus
1655 2059 1974 2146 agemus
2012 2037 2094 2118 in
2130 2036 2228 2118 i-is
2266 2064 2447 2146 quae
2486 2035 2592 2117 de
2631 2036 2939 2119 Centro
2978 2032 3547 2118 Oscillationis.
3628 2063 3839 2121 nunc
3872 2061 4081 2123 tem-

1404 2173 1605 2271 pora
1661 2146 2258 2230 converfionum
2317 2150 2413 2234 in
2458 2145 2780 2271 singilis
2820 2146 3010 2226 notis
3054 2145 3603 2254 iudicibusque
3634 2148 3885 2232 obiter
3925 2152 4077 2234 de-

1405 2258 1878 2366 signabimus
1912 2323 1938 2362 ‚
2011 2278 2100 2339 ut
2139 2257 2348 2340 reike
2384 2283 2647 2337 omnia
2678 2254 2780 2337 ad
2819 2255 3183 2337 dentium
3222 2254 3459 2366 supra
3486 2257 4079 2369 descriptorum.

1403 2395 1810 2450 numerum
1840 2369 2224 2478 quadrare
2253 2365 2818 2477 intelligantur.

1524 2481 1747 2592 Ergo
1787 2507 1942 2568 una
1979 2481 2303 2590 quidem
2337 2475 2840 2561 conversione
2880 2494 3087 2560 rotae.
3110 2477 3207 2562 G·
3236 2534 3264 2576 ,
3334 2479 3601 2563 decies
3652 2480 4083 2590 circumire:

1403 2611 1733 2701 apparet
1769 2613 2020 2674 rotam
2065 2589 2134 2676 F
2153 2655 2180 2694 ,
2238 2591 2587 2701 sexagies
2632 2617 2821 2675 vero
2856 2612 3109 2675 rotam
3150 2589 3239 2672 H
3265 2655 3292 2696 ,
3368 2601 3449 2675 δε
3487 2593 3779 2675 centies
3817 2598 4079 2680 vicies<

1406 2700 1840 2810 sis-premam
1903 2701 1994 2790 K
2031 2733 2047 2783 :
2147 2701 2278 2780 cui
2339 2728 2593 2809 quum
2664 2703 2937 2783 dentes
2994 2700 3145 2783 sint
3187 2703 3645 2813 quindecim
3668 2757 3713 2800 -,
3807 2705 4075 2818 iisque·

1403 2813 1850 2894 alternatim·
1877 2809 2282 2924 pulsentur
2320 2809 2668 2922 pinnulae
2706 2811 2775 2894 L
2824 2810 2893 2893 L
2922 2867 2947 2908 ‚
3014 2841 3171 2900 una
3206 2811 3713 2898 conversione
3748 2837 3941 2900 rotae
3977 2817 4070 2901 K

1404 2923 2028 3008 numerabuntur·
2053 2922 2251 3006 ictus
2296 2948 2397 3032 30
2442 2986 2469 3026 ,
2544 2923 2829 3033 quibus
2870 2923 3341 3035 respondent
3379 2924 3717 3007 totidem
3756 2925 3913 3010 itus
3951 2957 4071 3010 re·

1401 3037 1778 3147 ditusque
1819 3035 2147 3149 penduli
2185 3031 2268 3118 V
2305 3033 2415 3116 X.
2461 3034 2811 3145 ideoque
2852 3034 3483 3119 conversionibus
3528 3063 3707 3138 120,
3748 3037 3876 3118 res
3974 3067 4070 3121 n-

1406 3147 1708 3228 debunt
1770 3145 2297 3228 oscillationes
2351 3145 2735 3253 simplices
2792 3150 3049 3252 360023
3088 3149 3234 3252 qui
3296 3144 3823 3226 numerusest.
3885 3178 4069 3232 cru-

1401 3253 1784 3368 pulorum
1825 3255 2342 3336 secundorum
2380 3279 2616 3333 unam
2646 3250 2919 3334 horam
2952 3252 3487 3336 efficientium.
3598 3253 3885 3363 Itaque
3917 3261 4065 3342 ho-

1399 3389 1506 3448 tae
1542 3387 1898 3476 tempore
1930 3364 2160 3448 semel
2199 3363 2568 3446 circumit
2604 3383 2775 3446 rota
2816 3363 2964 3465 Cr,
3027 3390 3378 3475 cumque
3416 3391 3507 3446 ea
3551 3362 3783 3448 simul
3818 3367 4079 3453 index·

1401 3478 1506 3558 ad
1545 3477 1614 3558 E
1649 3474 2072 3586 impositus
2105 3538 2132 3579 ,
2203 3476 2355 3584 qui
2393 3472 2754 3586 scrupula
2791 3476 3057 3584 prima-
3075 3471 3572 3564 demonstrat.
3692 3477 3803 3558 Et
3858 3507 4077 3588 quo-

1401 3588 1610 3668 niam
1637 3583 1948 3670 'eodem
2003 3587 2383 3696 temporis
2427 3583 2684 3695 spatio
2740 3587 2999 3666 etiam—
3034 3607 3219 3668 rota
3246 3595 3301 3683 β
3340 3647 3385 3689 ,-
3445 3595 3527 3670 &
3564 3615 3708 3700 per
3740 3615 3913 3670 eam
3950 3627 4012 3696 γ
4029 3648 4071 3691 ,

1403 3698 1896 3804 convertitur
1931 3759 1959 3804 ,
2032 3723 2222 3778 cum
2280 3696 2783 3806 tympanidio
2838 3695 2981 3778 suo
3020 3695 3375 3780 dentium
3409 3695 3543 3779 sex
3583 3763 3612 3802 ‚
3684 3701 3788 3782 ad
3824 3729 4067 3810 quem·

1405 3831 1810 3895 numerum
1845 3803 2401 3917 duodecuplus
2437 3803 2565 3889 est·
2588 3833 2949 3891 numerus
2989 3805 3359 3892 dentium·
3377 3829 3571 3892 rotae
3608 3805 3662 3930 ζ
3702 3873 3728 3912 ,
3818 3837 4063 3922 appa·-

1405 3940 1532 4003 ret
1585 3919 2032 4004 duodecim·
2066 3919 2403 4002 demum
2434 3917 2647 4002 horis
2662 3961 2667 3966 ·
2685 3919 2885 4001 han-c
2925 3916 3415 4002 circumduci
3455 3976 3483 4018 ,
3556 3920 4065 4032 totidemque

1409 4031 1758 4118 indicem
1779 4029 1916 4112 -illi
1955 4029 2464 4140 conjura-&um
2498 4030 2583 4110 in
2623 4031 2679 4113 Θ.
2794 4029 3171 4138 Denique
3222 4058 3403 4111 cum
3454 4048 3647 4111 rotae
3688 4029 3807 4118 H,
3845 4030 4065 4116 sexa·-

1406 4144 1633 4256 ginta
1686 4141 2224 4227 conversiones
2277 4140 2746 4252 respondere
2759 4137 3339 4224 ostenderimus
3378 4138 3695 4253 singulis
3715 4168 4069 4226 .conver-··

1411 4253 1754 4340 sionibus
1785 4275 1978 4336 rotae
2011 4255 2090 4336 C
2108 4308 2137 4349 ‚
2191 4252 2382 4337 hinc
2416 4251 2599 4357 illa,
2654 4277 2809 4336 una
2839 4279 3023 4336 cum
3060 4249 3310 4335 affixo
3344 4252 3534 4334 orbe
3573 4273 3633 4336 λ
3650 4315 3682 4356 ,
3720 4249 4068 4362 sexagies

1391 4365 1500 4450 in
1533 4363 1890 4479 singulas.-
1905 4363 2138 4448 horas
2166 4359 2755 4460 circumferetur
2770 4403 2803 4463 ·‚
2872 4361 3029 4447 hoc
3062 4362 3189 4446 est.
3212 4421 3240 4463 ,
3316 4361 3571 4458 semel
3592 4360 3833 4478 unius·
3857 4361 4069 4447 scru-

1411 4476 1595 4600 puli
1631 4475 1869 4599 primi
1903 4497 2264 4602 tempore
2299 4539 2345 4585 ,.
2421 4473 2768 4592 ideoque
2805 4494 3061 4596 partes
3096 4473 3585 4596 sexagesimae
3622 4470 3978 4674 orbiiculi
4001 4496 4065 4558 λ

1395 4630 1421 4644 ³-
2271 4647 2301 4656 -
2378 4647 2432 4657 ·-
3538 4624 3549 4638 ⁰
3828 4611 4067 4670 ecun-
