4517 5784
841 437 1612 540 HOROLOG.
1729 433 2717 526 OSCILLATO'R.
3034 463 3129 554 35

441 587 852 681 tionaliter
923 591 1422 666 moveantur.
1537 563 2072 676 Quamobrem
2163 565 2425 677 fiquid
2503 566 2585 648 in
2658 563 2946 652 fabrica
3016 571 3134 652 vi·
3156 589 3392 642 num..-

441 711 547 790 tii
619 699 856 788 fuerit
895 759 923 801 3
1015 688 1147 777 vel
1185 749 1214 792 3
1307 683 1418 766 ob
1488 682 1684 764 aeris
1763 695 2150 760 mutatam
2227 681 2681 792 temperiem
2720 743 2749 784 3
2846 679 3133 766 diffici-
3154 655 3417 766 3ἱῖἷῖῗῖ
3454 777 3463 786 ‚

446 818 604 902 lius
661 833 1008 896 rotarum
1063 826 1250 884 axes
1306 791 1731 879 volvantur
1765 834 1794 890 3
1869 788 2319 873 dummodo
2373 819 2537 874 non
2586 819 2686 873 eo
2744 819 2999 906 usque
3039 809 3135 877 ut

441 927 704 1016 omnis
811 913 1218 1026 horologii
1265 969 1274 975 -
1325 925 1592 992 motus
1695 903 2310 1012 interrumpatur
2346 946 2373 1000 3
2480 904 2699 988 nulla
2794 929 3129 1018 propter

450 1041 622 1126 haec
681 1027 1184 1142 inaequalitas
1244 1041 1380 1105 aut
1433 1035 1693 1098 motus
1751 1013 2170 1096 retardatio
2231 1015 2579 1101 timenda
2634 1019 2783 1102 erit
2820 1081 2849 1123 3
2924 1022 3121 1104 sem..

451 1177 768 1266 perque
827 1163 966 1228 aut
1019 1136 1226 1222 reete
1284 1155 1599 1240 tempus
1657 1125 2019 1210 metietur
2074 1147 2211 1212 aut
2269 1133 2599 1213 omnino
2660 1160 2819 1236 non
2854 1137 3123 1219 metie-

445 1288 608 1352 tur.

565 1373 887 1462 Indices
922 1391 1166 1480 porro
1196 1357 1352 1446 hoc
1393 1350 1638 1468 pacto·
1665 1353 2309 1462 circumaguntur
2344 1373 2589 1465 atque
2631 1358 3123 1452 ordinantur.

451 1487 750 1574 Tertia
803 1482 1096 1566 lamina
1152 1469 1543 1586 prioribus
1601 1463 1971 1580 parallela
2023 1461 2134 1546 est
2174 1463 2256 1548 Y
2301 1463 2382 1548 Y
2403 1523 2433 1566 3
2450 1517 2473 1534 ι
2488 1467 2805 1578 pollicis
2844 1499 3123 1582 quarta

450 1619 682 1717 parte
717 1591 1010 1682 distans
1049 1587 1148 1670 ab
1185 1613 1276 1670 ea
1313 1607 1496 1692 quae
1535 1599 1856 1662 notatur
1898 1581 1977 1664 A
2009 1579 2114 1664 A.
2227 1577 2327 1677 1.ss
2380 1607 2471 1662 ea
2509 1580 2789 1664 circuli
2826 1583 3125 1670 hora-rii

451 1707 834 1821 descripti
889 1703 1065 1786 sunt
1099 1717 1378 1782 centro
1411 1691 1698 1774 eodem
1729 1727 1784 1776 οι
1815 1717 1985 1799 quo
2026 1688 2531 1802 protenditur
2565 1692 2733 1776 axis
2770 1717 2963 1780 rotae
3008 1701 3116 1784 C.

460 1815 836 1932 Quorum
887 1809 1370 1898 circulorum
1419 1802 1744 1887 interior
1781 1801 2212 1886 duodecim
2249 1797 2617 1888 horarum
2654 1801 3123 1895 divisionem

453 1936 694 2022 habet
715 1993 744 2037 3
795 1927 986 2012 alter
1019 1917 1572 2034 scrupulorum
1610 1917 1740 2000 60.
1797 1913 1966 2002 Axi
2000 1939 2192 1998 vero
2225 1932 2421 1998 rotae
2462 1915 2541 1998 C
2580 1935 2895 2026 aptatur
2910 1971 2941 2018 3
2993 1924 3121 2012 ul..

456 2068 582 2132 tra
611 2041 994 2128 laminam
1029 2038 1110 2120 A
1135 2036 1217 2118 A
1237 2096 1266 2138 3
1315 2047 1494 2112 rota
1519 2035 1576 2124 β
1611 2088 1640 2130 5
1711 2022 1999 2108 tubulo
2035 2024 2433 2120 cohaerens
2464 2031 2617 2135 qui
2652 2054 2913 2138 usque
2944 2034 3049 2120 ad
3089 2070 3127 2120 2

448 2158 972 2246 continuatur
1003 2166 1214 2232 trans
1250 2141 1615 2226 laminam
1655 2135 1739 2221 Y
1786 2132 1870 2218 Y
1905 2179 1935 2238 3
2015 2156 2260 2246 atque
2316 2137 2429 2220 ita
2464 2133 2749 2224 inlidet
2783 2143 2914 2227 axi
2946 2144 3072 2226 illi
3094 2201 3125 2244 3

357 2273 367 2276 ’
449 2291 556 2370 ut
595 2295 756 2352 una
792 2288 984 2347 cum
1017 2254 1166 2342 illo
1203 2245 1800 2340 circumferatur
1837 2293 1865 2350 3
1941 2244 2102 2330 fine
2159 2245 2305 2332 illo
2343 2269 2605 2337 tamen
2640 2308 2669 2350 3
2738 2253 2876 2336 ubi
2912 2283 2965 2337 0
3027 2286 3119 2343 us

455 2378 704 2466 fuerit
741 2439 770 2481 3
845 2367 1203 2456 converti
1238 2361 1503 2476 posfit.
1625 2360 1766 2444 Ad
1795 2397 1826 2446 e
1869 2359 2112 2442 index
2153 2359 2593 2470 imponitur
2608 2424 2637 2466 3
2690 2360 2905 2448 horae
3040 2399 3125 2455 a·-
3215 2407 3225 2416 ·

449 2493 588 2576 -tio
627 2483 1100 2574 circuitur-us
1133 2498 1375 2586 atque
1408 2475 1522 2556 ita
1555 2471 1924 2584 scrupula
1961 2470 2216 2581 prima
2231 2527 2260 2568 3
2316 2469 2447 2556 seu
2464 2471 2957 2584 sexagefimas
2980 2395 3125 2561 fio.

461 2627 729 2687 rarum
747 2659 776 2703 3
823 2586 1520 2680 demonstraturus.
1597 2583 1822 2668 Rota
1856 2609 2051 2667 vero
2091 2608 2328 2690 quam
2360 2583 2705 2667 diximus
2744 2593 2799 2682 β
2817 2651 2846 2692 5
2900 2587 3135 2676 aliam

455 2733 723 2798 rotam
745 2767 774 2808 ‚
827 2701 1174 2790 totidem
1212 2718 1418 2810 quot
1457 2694 1629 2809 ipsa
1664 2693 1898 2778 habet
1930 2693 2289 2776 dentium
2324 2749 2355 2792 ,
2426 2695 2771 2808 impellit
2810 2754 2839 2797 3
2894 2720 3137 2814 atque

453 2852 625 2912 una
679 2817 1010 2906 affixum
1065 2812 1146 2898 ei
1197 2832 1666 2921 tympanum
1721 2804 1851 2888 cui
1909 2805 2182 2888 dentes
2221 2805 2355 2888 sex
2397 2868 2425 2910 5
2500 2808 2822 2892 axiculo
2858 2839 3137 2898 eorum

463 2933 872 3020 communi
930 2927 1118 3012 hinc
1175 2922 1462 3006 lamina
1511 2919 1594 3004 A
1635 2971 1664 3014 ,
1735 2917 1924 3000 inde
1963 2941 2361 3024 gnomone
2396 2923 2445 3004 ὃ
2472 2915 2828 3002 suffulto.
2936 2924 3139 3008 Hoc.

463 3046 790 3130 tandem
820 3061 1205 3154 tympano
1243 3053 1420 3116 rota
1453 3035 1513 3143 ζ
1551 3047 1924 3111 movetur
1949 3079 1978 3120 ‚
2051 3025 2327 3109 dentes
2365 3025 2653 3110 habens
2696 3053 2795 3136 72
2820 3094 2849 3134 5
2903 3032 3139 3116 tubu-

468 3157 802 3268 lumque
833 3147 1164 3234 affixum
1199 3141 1344 3252 qui
1378 3149 1461 3225 &
1501 3136 1664 3251 ipse
1701 3135 1909 3222 ultra
1946 3135 2316 3225 laminam
2355 3137 2440 3220 Y
2477 3137 2580 3220 ad
2614 3141 2645 3221 Θ
2678 3141 3139 3254 porrigitur,

467 3268 720 3382 paulo
755 3267 954 3350 citra
989 3281 1235 3369 quam
1267 3247 1550 3341 definit
1586 3247 1906 3333 tubulus
1941 3257 2226 3346 rotat-fi
2244 3313 2273 3352 3
2330 3276 2572 3359 quem
2600 3249 2807 3342 intra
2824 3253 2900 3341 se
2924 3281 3139 3343 com,-

463 3379 872 3493 pleffitur.
929 3371 1164 3456 Parte
1199 3383 1552 3450 extrema
1587 3360 2092 3470 &apponitur
2109 3359 2463 3444 horarius
2480 3361 2727 3448 index
2746 3428 2775 3468 5
2830 3364 3143 3454 brevior

461 3491 888 3604 aliquanto
917 3481 1060 3567 illo
1094 3487 1332 3599 quem
1359 3467 1722 3585 scrupula
1761 3470 2010 3581 prima
2040 3466 2339 3580 fignare
2374 3472 2720 3558 diximus
2741 3538 2770 3579 5
2822 3503 3005 3560 cum
3022 3481 3147 3564 in..

465 3609 758 3693 ter-iore
901 3623 995 3680 ro
1031 3589 1221 3676 ferri
1255 3585 1558 3678 debeat.
1686 3582 2048 3708 Secunda
2085 3608 2276 3669 vero
2316 3583 2681 3694 scrupula
2717 3608 2809 3668 ut
2846 3589 3143 3701 absque

469 3743 733 3801 amre
877 3699 1398 3808 monstrentur
1412 3759 1444 3800 5
1489 3695 1954 3804 imponitur
1975 3694 2111 3778 axi
2137 3713 2345 3778 rotae
2384 3696 2477 3780 H
2491 3752 2529 3793 3
2603 3723 2853 3808 usque
2888 3701 2995 3790 ad
3028 3700 3147 3786 la.

471 3829 768 3912 minam
803 3821 887 3907 Y
919 3811 1318 3931 producto
1335 3871 1364 3912 5
1419 3804 1625 3891 orbis
1667 3827 1746 3902 λ,
1767 3867 1795 3910 ‚
1861 3806 1992 3889 cui
2027 3805 2369 3890 circulus
2402 3806 2487 3892 in
2524 3804 2933 3919 sexaginta
2966 3839 3144 3922 par..

465 3960 597 4022 ωε
653 3931 949 4022 divisus
1009 3921 1456 4013 inscribitur
1497 3980 1528 4024 5
1621 3915 2030 4043 incisoque
2097 3917 2188 3999 in
2254 3915 2555 4002 lamina
2613 3919 2694 4003 Y
2765 3916 3149 4012 foramine

467 4049 586 4133 ad
627 4047 708 4131 Z
730 4110 758 4152 3
807 4072 918 4128 eae
955 4033 1374 4124 divisiones
1416 4095 1444 4136 3
1515 4055 1659 4119 cus,
1718 4028 1850 4112 ide
1871 4029 1984 4116 ‚in
2037 4027 2343 4114 summo
2400 4027 2781 4119 foramine
2816 4034 3090 4122 defixa
3110 4099 3142 4144 3

475 4173 1036 4272 praetereuntes
1093 4163 1492 4232 notantur.
1699 4165 1815 4224 aec
1894 4167 2090 4226 vero
2167 4159 2342 4224 tota
2396 4143 2757 4236 indicum
2802 4148 3145 4234 circulo-

473 4295 820 4382 tumque
871 4259 1350 4346 horatiorum
1408 4248 1822 4361 dispositio
1854 4279 1968 4345 ex
2002 4250 2264 4364 figura
2306 4255 2597 4346 minoei
2636 4253 2805 4368 (fig.
2831 4272 2947 4367 3.)
2972 4260 3153 4344 ,cla-

477 4385 646 4468 rius
707 4371 1176 4498 perfpicinrr
1211 4431 1244 4478 3
1341 4364 1840 4459 exteriorem·
1901 4362 2309 4478 horologii
2404 4365 2731 4458 somam
2822 4369 3161 4475 referem

481 4515 596 4664 ῳ.
2043 4559 2049 4564 Ι
2104 4557 2178 4673 E
2221 4572 2285 4674 “2
2884 4592 2889 4596 ’
2963 4583 3155 4683 (3κέ
