4517 5784
1404 423 1574 532 “222ss
1769 397 2054 496 ‘DE
2172 394 2901 490 CENTRo
3025 391 3668 484 oso1LL.
3793 371 3915 390 ’·

1530 542 1733 626 Non
1772 561 2028 620 tamen
2066 531 2258 616 mihi
2302 531 2600 612 animus
2641 525 2751 610 est
2772 591 2799 630 ‚
2871 523 3002 608 hic
3045 525 3390 610 absolute
3426 553 3899 639 oppugnare
3944 533 4127 621 send

1423 656 1747 738 tentiam
1789 650 2158 750 illorum,
2214 645 2363 754 qui
2400 641 2726 721 credunt
2778 665 3111 747 corpora
3154 639 3421 748 gravia
3457 644 3805 746 moveri,
3860 647 4127 732 veluti

1429 765 1772 880 punita,
1829 788 2008 871 quae
2045 759 2126 840 in
2167 752 2562 866 Cycloide
2602 806 2627 854 5
2706 753 2807 832 ad
2853 749 3399 830 Horizontem
3431 753 4127 862 perpendiculari,

1433 897 1820 989 peragunt
1857 871 2021 954 suas
2061 864 2623 954 Oscillationes
2667 925 2693 964 ‚
2771 861 3253 972 temporibus
3296 861 3726 970 aequalibus
3751 928 3777 968 ,
3832 895 3881 948 a
3922 897 4127 980 qua..

1428 1015 1741 1096 cunque
1773 983 2275 1065 dimittantur
2318 974 2758 1074 altitudine.
2886 971 3327 1056 Contendo
3364 977 3915 1059 tantummodo
3934 985 3983 1085 ‚²
4025 983 4129 1064 1⁰1.

1434 1099 1586 1182 lud
1625 1095 1980 1178 nondum
2020 1089 2166 1174 effe
2207 1082 2814 1171 demonstratum
2846 1139 2872 1179 ,
2932 1079 3070 1164 nisi
3110 1082 3571 1166 alterutrum
3606 1083 3891 1170 horum
3994 1123 4133 1176 ro.

1436 1212 1665 1296 betur
1710 1263 1735 1303 ,
1811 1205 1939 1290 vel
2000 1200 2223 1311 quod
2277 1226 2541 1282 curvae
2600 1193 2989 1307 parallelae
3036 1192 3420 1306 Cycloidi
3456 1195 3785 1279 eandem
3824 1120 4126 1287 hagene

1439 1319 1998 1434 proprietatem
2039 1311 2424 1423 quantum
2466 1308 2567 1390 ad
2608 1326 2919 1389 motum
2956 1331 3383 1416 corporum
3428 1360 3456 1401 ‚
3546 1305 3733 1390 licet
3766 1337 3929 1392 non
3969 1313 4125 1399 fint

1446 1428 1928 1542 CycloideS‚
1967 1423 2098 1506 vel
2134 1422 2363 1538 quod
2398 1416 2887 1531 inaequalitas
2924 1416 3299 1528 temporis
3322 1478 3349 1519 ,
3404 1417 3631 1526 quod
3665 1419 3975 1508 brevius
4012 1427 4129 1510 est

1443 1545 1532 1625 in
1570 1537 1961 1651 parallelis.
2000 1599 2029 1638 ‚
2098 1531 2593 1616 interioribus
2655 1539 2735 1612 &
2800 1527 3206 1638 Cycloide
3248 1528 3665 1610 viciniores
3706 1527 3871 1617 Axi
3914 1588 3941 1628 ,
4014 1538 4133 1621 ita

1446 1653 1900 1736 moderetur
1957 1644 2345 1728 contraria
2381 1637 2916 1751 inaequalitate
2951 1638 3323 1748 temporis
3367 1700 3396 1742 ,
3473 1639 3701 1748 quod
3736 1647 3977 1754 majus
4017 1647 4135 1732 est

1453 1766 1538 1846 in
1575 1759 1970 1874 parallelis
2006 1755 2521 1840 exterioribus
2563 1759 2644 1834 δε
2685 1750 2853 1860 ipsa
2890 1752 3134 1832 curva
3176 1749 3717 1833 remotioribus
3768 1755 3863 1836 ab
3897 1759 4136 1860 Axe,

1451 1898 1545 1960 ut
1604 1869 2142 1983 compensatio
2183 1862 2812 1974 inaequalitatum
2854 1858 3249 1943 ambarum
3288 1861 3371 1941 in
3417 1859 3815 1974 Cycloide
3851 1865 4133 1977 detur,

1453 2013 1636 2097 quae
1698 2005 2076 2091 tanquam
2135 1975 2485 2086 medium
2540 1972 2811 2056 locum
2847 1991 3064 2054 tenet
3102 1972 3302 2053 inter
3341 1998 3613 2054 omnes
3654 2001 3937 2058 curvas
3980 1979 4133 2090 ipsi

1455 2093 1888 2208 parallelas.
1987 2089 2435 2172 Geomettae
2490 2084 2694 2170 hanc
2729 2079 3274 2165 difficultatem
3318 2083 3879 2169 examinabunt
3917 2087 3973 2169 fi
4010 2091 4135 2172 di-

1459 2233 1698 2320 gnam
1737 2204 1870 2286 sua
1914 2199 2347 2284 attentione
2373 2199 2779 2307 judicent;
2838 2221 2983 2277 nec
3009 2257 3037 2298 ,
3074 2189 3214 2275 nisi
3237 2190 3655 2302 postquam
3676 2225 3947 2278 eorum
3970 2197 4137 2282 sen-

1461 2317 1793 2400 tentiam
1837 2339 2130 2398 novero
2153 2374 2180 2415 ‚
2235 2308 2815 2394 observationes
2853 2332 3061 2394 meas
3102 2305 3249 2388 hac
3289 2304 3389 2388 de
3424 2333 3505 2388 re
3533 2306 3722 2390 dare
3758 2330 4087 2418 potero.

2692 2501 2903 2589 VI.

1603 2631 2073 2776 Responsio
2101 2669 2107 2676 ’
2131 2632 2272 2736 ad
2298 2629 2822 2768 objeaiones
2867 2631 3274 2766 Hugcm‘i
3304 2627 3771 2765 adversiss
3810 2667 4005 2736 me-

1742 2773 2118 2876 thodum
2163 2767 2565 2874 Abbatis
2591 2769 3026 2874 Catelani
3069 2769 3183 2871 de
3232 2767 3861 2873 determinan-

2173 2908 2289 3008 do'
2342 2909 2681 3010 Centro
2732 2906 3381 3042 Oscillationis.

1477 3088 2063 3298 HUgenius
2122 3083 2536 3199 proposuit
2574 3082 3093 3194 objectionem
3133 3082 3493 3168 adversus
3530 3087 4146 3199 propositionem

1718 3199 2139 3281 deductam
2163 3227 2265 3280 ex
2290 3197 2724 3309 principi0,
2766 3225 2813 3278 a
2834 3223 2987 3300 me,
3002 3197 3105 3280 acl
3121 3194 3803 3281 determinandum
3822 3199 4147 3283 Mathe-

1479 3311 1765 3392 matice
1803 3331 2162 3392 centrum
2203 3307 2755 3392 Oscillationis-
2795 3304 3135 3390 Penduli
3173 3360 3200 3401 ,
3277 3306 3741 3417 proposit0;
3816 3308 3953 3394 sed
4004 3311 4145 3394 de·

1481 3421 1656 3501 buit
1711 3421 2148 3502 examinare
2203 3420 2293 3502 id
2334 3475 2363 3516 ,
2436 3419 2663 3529 quod
2724 3417 3105 3528 praecedit
3162 3417 3430 3500 locum
3458 3480 3487 3520 ,
3564 3445 3805 3528 quem
3860 3450 3910 3502 e
3968 3419 4144 3504 scri-

1477 3531 1641 3642 ptis
1737 3527 1924 3610 meis
2003 3527 2306 3641 profert
2350 3586 2379 3628 ‚
2492 3557 2640 3614 nec
2699 3526 3130 3640 generalem
3224 3527 3498 3610 habere
3592 3528 3947 3641 regulam
4042 3533 4153 3616 ad

1479 3640 1743 3723 casum
1785 3641 2329 3751 particularem
2366 3661 2670 3722 tantum
2704 3639 3369 3722 accommodatam
3390 3702 3419 3744 ‚
3466 3665 3705 3748 quem
3744 3640 3997 3752 elegi,
4057 3664 4153 3724 ut

1474 3772 1736 3832 uterer
1795 3753 2167 3863 exemplo
2228 3748 2792 3862 fimpliciffimo
2834 3757 2915 3831 δε
2956 3747 3334 3833 facillimo
3395 3792 3421 3846 3
3480 3750 3769 3832 scilicet
3809 3754 4149 3860 quando

1473 3859 1834 3946 Pendula
1889 3861 2324 3972 compofita
2364 3862 2540 3946 sunt
2575 3888 2678 3945 ex
2722 3860 3073 3971 partibus
3111 3918 3140 3959 ‚
3216 3887 3399 3969 quae
3439 3859 3881 3944 describunt
3923 3889 4149 3946 arcus

1475 3969 1761 4052 fimiles
1821 3971 2030 4053 circa
2089 3976 2350 4055 Axem
2394 4036 2421 4074 ‚
2495 4000 2845 4083 quocum
2909 3969 3213 4054 faciunt
3249 3972 3460 4053 idem
3509 3972 3827 4082 planum
3872 4016 3899 4069 ς
3978 3994 4153 4056 tum

1472 4081 1683 4162 enim
1735 4079 2121 4166 distantiae
2181 4085 2280 4164 ab
2337 4082 2484 4166 illo
2544 4086 2725 4168 Axe
2773 4082 2949 4164 sunt
2987 4081 3185 4168 radii
3224 4107 3545 4165 arcuum
3582 4146 3609 4187 ,
3684 4084 3833 4191 qui
3868 4083 4153 4166 habent

1475 4191 1806 4274 eandem
1847 4194 2052 4274 inter
2089 4192 2162 4274 se
2203 4195 2801 4302 proportionem
2827 4255 2856 4296 ,
2909 4219 3001 4272 ac
3108 4191 3736 4304 erpendiculares
3779 4193 3886 4275 ad
3902 4191 4149 4282 Hori-

1483 4323 1853 4406 zontem,
1908 4304 2042 4385 vel
2079 4299 2335 4398 finus,
2408 4303 2551 4412 qui
2593 4303 2771 4384 sunt
2806 4221 3262 4388 altitudines
3302 4361 3334 4403 ‚
3404 4333 3454 4386 a
3503 4305 3794 4414 quibus
3838 4301 4161 4413 fingulae

1480 4431 1740 4522 partes
1779 4413 1862 4496 in
1905 4409 2432 4500 Oscillatione
2478 4411 2991 4540 descendunt3
3044 4415 3333 4536 {taque
3370 4441 3553 4501 cum
3592 4413 3957 4502 Pendula
3980 4475 4008 4520 ,
4064 4413 4167 4500 de

3396 4583 3411 4596 .
3994 4551 4177 4638 qm..
