4517 5784
1384 467 1609 559 204
1845 425 2332 537 emus-r.
2395 416 2938 512 HUGENn
2983 418 3760 525 {Ns'rrruuo

1431 594 1602 661 tum
1658 565 1769 655 est
1807 598 1823 650 ε
1900 566 2167 671 locum
2204 618 2233 661 ,
2309 560 2456 673 qui
2518 564 2695 642 180.
2738 555 3025 670 gradus
3069 556 3486 639 Orientem
3517 556 3784 642 versus
3817 557 4137 649 abalio,

1434 680 1722 778 distat,
1778 674 2358 782 tantum-etiam
2403 670 2932 779 Occidentem
2969 664 3225 753 versus
3262 668 3448 751 inde
3486 666 3810 755 distare:
3869 680 3952 757 &
3973 703 4118 786 pa-

1438 796 1623 879 riter
1656 856 1684 896 ,
1760 791 1905 900 qui
1958 816 2139 899 300.
2265 784 2492 869 radus
2533 778 3058 881 Orientaliter
3105 779 3212 883 ab⁸
3235 776 3394 863 alio
3431 776 3667 879 distat
3703 784 3942 879 etiam
3979 790 4132 883 69·.

1436 905 1727 1027 gradus
1766 900 2215 1006 Occidenta
2256 901 2395 992 'ter
2424 896 2626 1001 inde,
2651 891 2954 997 distant„-
3019 932 3028 939 ·
3799 916 3814 965 .·

2206 1201 2434 1287 Mari
2473 1069 2842 1281 invdia}
2861 1068 3134 1283 {nram
3167 1194 3350 1282 diei.-

1554 1330 2234 1446 Qandoquidem
2293 1356 2444 1443 pro
2500 1325 2966 1413 invenienda
3020 1324 3521 1439 longitudine
3560 1328 3988 1440 requiritur
4027 1353 4123 1427 ut·

1441 1448 1638 1533 hora
1674 1444 1833 1540 Ioci
1872 1500 1895 1539 ‚
1972 1445 2055 1526 in
2090 1470 2259 1554 quo
2297 1468 2378 1525 es
2401 1502 2422 1534 ,
2500 1440 2825 1555 cognita
2863 1438 3003 1535 fit,
3053 1437 3268 1521 ut·su
3331 1462 3412 1519 ra
3443 1438 3744 1533 distum
3783 1440 3943 1549 est,
4001 1445 4114 1527 di.

1440 1562 1569 1643 &a
1602 1557 1794 1640 hora
1836 1555 2126 1639 summa
2156 1551 2688 1645 exaititudine
2721 1548 2832 1635 est
2867 1549 3244 1631 observan
3305 1578 3406 1645 ας
3486 1556 4138 1666 unumquodque-

1436 1671 1647 1753 onim
1708 1667 2103 1750 minutum
2160 1693 2334 1778 quo
2382 1664 2464 1746 in
2519 1660 2844 1745 calculo
2883 1661 3198 1743 aberras*
3232 1658 3640 1745 constituit
3673 1678 4119 1755 errorem-2¹1.

1442 1778 1731 1893 gradus
1790 1778 1873 1867 in
1927 1776 2469 1892 longitudine,
2531 1772 2617 1859 id
2631 1768 2775 1878 est,
2809 1798 3064 1883 prope
3085 1770 3612 1881 AEquatorem
3657 1784 3781 1884 34.
3803 1776 4135 1859 (ἴθι-ωε..

1444 1885 1807 1985 nieorum
1846 1890 2328 1976 milliarium
2343 1887 2478 1973 sed
2517 1884 2774 1967 minus
2813 1883 2948 1967 ubi
2987 1882 3226 1994 longe
3259 1882 3448 1967 inde
3485 1884 3709 1969 abes:
3910 1882 3926 1893 ”

1552 2006 1826 2107 Quare
1862 2000 1969 2087 ad
2004 2021 2299 2084 certam
2341 1997 2553 2079 horae
2595 1995 3128 2087 inventionem
3142 2057 3169 2096 ,
3225 2022 3322 2077 ne
3363 1992 3560 2079 fidas
3599 1996 4114 2085 observationi

1447 2114 1811 2195 maximae
1840 2112 2047 2197 Solis
2062 2108 2578 2206 altitudinis,
2632 2105 2926 2193 utinde
2944 2104 3369 2188 concludas
3389 2108 3708 2217 praecise
3725 2112 4142 2197 meridiemx

1451 2221 1603 2317 ess‘e
1639 2222 1771 2313 vel
1811 2221 2069 2306 Solem
2110 2224 2193 2305 in
2238 2221 2691 2305 Meridiano
2711 2274 2740 2319 ‚
2801 2214 2942 2299 nis1
2965 2216 3167 2299 inter
3189 2216 3600 2327 Tropicos
3624 2221 3764 2303 Sol
3779 2221 4118 2313 fuerit-in

1448 2330 1627 2445 ipso
1684 2332 1988 2448 punsso
2047 2332 2346 2416 Zenith
2407 2330 2540 2413 vel
2585 2329 2659 2411 ei
2699 2355 2942 2438 quam
2987 2327 3420 2437 proximus.
3501 2330 3716 2413 Nam
3753 2332 3937 2415 alias
3963 2334 4122 2415 -Sol

1454 2442 1792 2535 existens
1854 2471 2106 2553 prope
2144 2439 2706 2536 Meridianufin„
2739 2438 2842 2529 ali
2907 2438 3222 2527 uamdiu
3268 2439 3696 2548 perseverat
3752 2443 3908 2530 fine
3945 2442 4148 2527 ulla-

1458 2552 1791 2663 senlibili
1856 2554 2288 2643 mutatione
2345 2550 2785 2634 altitudinis
2879 2550 2996 2637 u'ae
3039 2594 3075 2651 ἲ
3142 2550 3490 2661 ideoque,
3517 2550 3866 2661 altitudo
3903 2558 4126 2639 meri-

1455 2664 1686 2748 dialis
1749 2664 2034 2759 idonea
2094 2663 2272 2747 satie
2331 2659 2444 2745 est
2505 2662 2610 2743 ad
2669 2656 3170 2743 latitudinem
3225 2660 3354 2744 vel
3389 2660 4124 2757 elevationem-Poli

1454 2774 1619 2857 loci
1652 2774 1975 2883 alicujus
2011 2775 2568 2859 dimetiendam
2589 2837 2616 2876 ‚
2693 2800 2852 2855 non
2889 2791 3150 2854 tamen
3195 2771 3296 2855 ad
3343 2771 3927 2885 longitudinem
3961 2780 4158 2887 ejus..

1442 2885 1733 2969 emite
1771 2887 2352 2977 inveniendam.
2409 2882 2704 2971 Multo
2733 2886 3172 2967 minusniti
3201 2903 3440 2995 ‘potes
3485 2887 3917 2998 pyxidibus
3939 2915 4147 2975 nau--

1458 2998 1636 3079 ticis
1676 2997 1759 3079 in
1796 3020 2159 3081 accurato
2198 2996 2945 3107 meridieiltempore
2985 2996 3480 3107 inquirendo,
3766 3005 3771 3011 ’

1590 3107 1891 3219 Neque
1926 3109 2197 3191 annuli
2236 3106 2764 3193 Astronomici
2801 3106 2936 3192 vel
2968 3104 3572 3227 alia‘horologia
3615 3107 3888 3196 solaria
3925 3136 4132 3207 certa

1458 3217 1639 3301 fatis
1676 3218 1852 3302 sun't
1896 3217 2501 3313 inostendenda
2538 3222 2729 3304 hora
2762 3221 2864 3309 ad
2890 3220 3202 3303 ‘minuta
3242 3226 3322 3301 &
3363 3215 3721 3303 fecunda.
3781 3226 3946 3309 Sed
3979 3255 4131 3311 me-

1461 3328 1613 3409 lius
1654 3326 1765 3411 est
1805 3328 2206 3415 observare
2253 3330 2438 3414 solis
2473 3330 2971 3415 altitudinem
3012 3388 3043 3435 2
3116 3329 3254 3413 ubi
3307 3328 3428 3412 est‘
3473 3333 3556 3413 in
3607 3334 3956 3425 Oriente
4007 3337 4135 3431 vel

1462 3439 1918 3523 Occidente
1954 3482 1981 3534 ·,
2062 3470 2250 3552 quo,
2287 3464 2562 3531 autem.
2593 3445 2912 3525 Orienti
2949 3464 3084 3525 aut
3126 3440 3560 3525 Occidenti
3598 3448 3934 3558 propior
3973 3448 4141 3553 est·,

1464 3577 1565 3632 eo
1622 3551 1961 3651 melius;
2038 3554 2146 3635 ibi
2183 3555 2392 3636 enim
2449 3582 2628 3643 cum
2685 3550 2799 3636 est
2839 3616 2867 3656 ,
2939 3573 3280 3635 mutatur
3335 3556 3492 3663 ejus
3557 3554 3914 3641 altitudo
3979 3559 4148 3649 sen-.-

1333 3745 1342 3753 ,
1464 3658 1783 3745 fibiliter·
1822 3666 2063 3777 magis
2104 3692 2344 3773 quam
2382 3686 2561 3746 ante
2601 3662 2735 3747 vel
2773 3662 2958 3776 post
2993 3671 3074 3746 &
3115 3666 3260 3771 ita,
3294 3691 3392 3746 ex
3439 3666 3755 3749 inventa
3777 3668 3962 3753 Poli
3984 3670 4156 3753 ele-

1464 3775 1817 3877 vatione,
1858 3783 1939 3858 &
1982 3798 2165 3858 nota
2196 3774 2404 3858 Solis
2445 3774 2997 3879 declinatione,
3041 3773 3231 3856 hora
3251 3774 3512 3885 potest
3527 3780 4152 3888 computatione

1464 3883 1787 3993 detegi,
1841 3888 2059 3993 cujus
2098 3887 2378 3968 modus
2416 3884 2514 3968 ab
2553 3885 2720 3969 aliis
2759 3884 2940 3971 satia
2976 3882 3411 3998 descriptus
3435 3884 3606 3983 ‚est3
3659 3888 3844 3999 quia
3867 3910 4154 3975 tamen

1464 3997 1964 4101 computatio
2003 3996 2141 4078 illa
2176 3994 2497 4079 molesta
2532 3995 2643 4078 est
2667 4008 2764 4082 ὃς
2803 3996 3166 4081 nonnulli
3203 4022 3501 4079 errores
3523 3999 3601 4079 in
3618 3997 4164 4085 mensuranda

1415 4162 1428 4169 -
1464 4100 1889 4187 altitudine
1946 4104 2151 4187 Solis
2205 4108 2598 4188 committi
2651 4106 2978 4221 possunt
3021 4106 3453 4195 faciliorem
3492 4106 3623 4195 hic
3663 4110 4186 4205 methodum.

1462 4209 1869 4307 ostendam
1910 4220 1991 4311 δε
2027 4214 2607 4333 demonstrabo...

3627 4550 3888 4647 Vm.
3961 4558 4186 4680 QG:
