4517 5784
1398 460 1561 551 206
1804 450 2294 551 CHRIST.
2355 446 2804 543 HUGEN
2807 446 2898 539 11
2949 445 3720 541 INSTITUTIO
3907 496 3915 504 ·

1398 588 2152 679 demonstrationem
2211 589 2449 674 etiam
2505 616 2773 673 revera
2823 584 3118 671 exafxis
3164 584 3544 673 Pendulis
3581 598 4096 700 compertum]

1401 703 1516 788 est
1542 760 1567 803 ‚
1621 707 1855 819 quod
1891 704 1997 814 ad
2033 700 2646 831 inaequalitatem
2679 700 2990 783 dierum
3022 696 3130 783 ad
3167 696 3457 783 testam
3493 700 3930 787 mensuram
3967 734 4092 795 re-
4276 740 4286 749 ·

1406 816 1847 903 ducendam
1888 873 1919 918 ‚
1996 836 2349 927 aequatlo
2365 876 2395 918 ,
2513 833 2695 897 tout
2735 836 2910 895 eam
2940 809 3072 893 hic
3109 836 3254 924 per
3297 812 3879 922 praecedentem
3921 816 4098 906 Ta·

1406 930 1671 1013 hulam
1702 928 2169 1013 instituimus
2190 991 2219 1033 ,
2271 952 2374 1011 ex
2570 953 2762 1011 cum
2794 920 3286 1037 experientia
3313 923 3744 1033 conveniat
3758 981 3790 1024 ,
3841 927 3958 1014 ita
3995 953 4098 1019 ut

1410 1044 1704 1127 tuto‘ei
1738 1038 2142 1126 confidere
2178 1038 2433 1123 liceat.
2555 1038 2824 1148 quue
2875 1033 3083 1120 tanti
3139 1034 3525 1121 momenti
3571 1032 3692 1120 est
3751 1038 3836 1122 in
3867 1041 4100 1130 inve-

1409 1153 1721 1239 niendis
1755 1153 1895 1237 lon
1952 1150 2378 1247 itudinibus
2396 1212 2428 1254 ,
2503 1170 2596 1234 ut
2615 1204 2645 1246 ,
2715 1146 2778 1229 fi
2811 1174 2977 1231 non
3009 1144 3247 1233 fuerit
3279 1144 3782 1233 observatum
3799 1205 3828 1249 ‚
3898 1180 4112 1242 non.

1420 1290 1829 1374 nunquam
1889 1262 2143 1373 -patio
2206 1286 2247 1369 3
2295 1258 2671 1343 mensium
2712 1259 2796 1342 in
2835 1254 3152 1343 calculo
3187 1284 3529 1343 errorem
3557 1264 3996 1349 committas
4041 1292 4100 1376 7

1413 1376 1811 1490 graduum
1852 1381 1931 1457 &
1971 1368 2316 1483 amplius
2353 1436 2381 1478 ,
2479 1370 2640 1455 fine
2675 1368 2840 1453 ulla
2874 1390 3136 1453 tamen
3171 1367 3776 1483 horologiorum
3813 1374 4054 1489 culpa
4069 1410 4096 1463 ε

1412 1488 1564 1598 qui
1596 1486 1885 1601 gradus
1924 1479 2066 1569 sub
2103 1480 2484 1596 Tropicis
2513 1484 2734 1568 'ultra
2779 1508 2932 1568 100
2951 1480 3422 1569 Germanica
3457 1478 3818 1573 milliaria
3835 1489 4105 1601 conti-2

1418 1617 1635 1683 ssent.
2435 1635 2447 1648 ⁸
3881 1670 3890 1687 .

1538 1708 1885 1797 Ostenso
1901 1767 1934 1812 ,
1984 1706 2405 1823 quomodo
2437 1705 2858 1823 horologia
2892 1706 3190 1819 poffint
3223 1704 3580 1821 adaptari
3611 1712 3885 1818 terta,
3955 1714 4095 1799 vel

1412 1822 1839 1935 quomodo
1872 1848 2149 1906 eorum
2180 1818 2628 1905 differentia
2664 1819 3132 1932 quotidiana
3165 1817 3263 1903 fit
3297 1821 3778 1909 invenienda.
3804 1882 3834 1926 ,
3904 1850 4098 1937 pro-

1414 1938 1723 2020 ximum
1743 1935 1893 2018 erit
1910 1934 2168 2019 dicere
2186 1983 2210 2022 ,
2267 1931 2688 2044 quomodo
2719 1930 2934 2017 idem
2965 1926 3415 2014 faciendum
3447 1930 3546 2017 fit
3581 1932 3670 2018 in
3703 1935 3892 2018 navi
3930 1933 4102 2023 fixa

1405 2046 1536 2242 lli}
1552 2044 1969 2177 anehoram
1989 2107 2021 2153 ,
2072 2070 2264 2130 cum
2299 2043 2621 2134 minime
2656 2038 3019 2157 possibile
3051 2040 3150 2126 fit
3183 2041 3402 2129 idem
3441 2038 3806 2155 praestare
3841 2044 3927 2131 in
3959 2074 4103 2159 reg

1541 2179 1870 2243 catione.

1522 2268 2138 2355 observabimus
2175 2265 2528 2380 quodam
2559 2266 2696 2353 die
2729 2286 3002 2353 ortum
3038 2274 3126 2354 δε
3157 2266 3528 2357 occasum
3577 2266 3831 2376 Solis,
3879 2274 3973 2363 ἅτ
3999 2264 4100 2355 in

1412 2400 1750 2492 utraque
1786 2376 2329 2467 observatione
2364 2380 2502 2463 ubi
2519 2383 2694 2490 -eJus
2729 2380 3110 2465 medietas
3127 2378 3410 2471 exa&
3423 2378 3508 2463 su
3569 2406 3649 2463 ra
3667 2379 4102 2467 Horizon-

1193 2480 1201 2489 ’
1242 2572 1249 2577 ,
1323 2576 1361 2582 ,Α
1409 2512 1579 2575 tem
1620 2510 1946 2603 apparet
1989 2552 2022 2597 ,
2092 2490 2540 2573 notabimus
2597 2488 2878 2572 horam
2909 2518 3154 2601 quam
3191 2490 3495 2576 indicat
3583 2488 4042 2604 orologium
4061 2553 4098 2597 ‚

1310 2682 1317 2695 ,
1412 2609 1499 2689 &
1532 2598 2129 2729 supputabimus
2166 2620 2376 2712 quot
2411 2598 2630 2684 horae
2665 2599 2959 2684 interea
2997 2599 3292 2686 suerint
3331 2601 3744 2715 praeteritae
3764 2655 3795 2702 ,
3863 2602 4092 2710 cujoe

1410 2739 1723 2797 numeri
1784 2712 2127 2797 dimidio
2182 2710 2470 2797 addim
2519 2712 2626 2797 ad
2681 2708 2958 2799 horam
3009 2711 3570 2799 observationis
3637 2713 4046 2797 matutinae
4057 2773 4090 2819 ‚

1404 2820 1859 2908 habebimus
1923 2821 2207 2907 horam
2265 2848 2514 2951 quam
2567 2822 2965 2909 indicavit
3016 2821 3528 2939 horologium
3583 2848 3766 2911 cum
3799 2825 3942 2915 Sol
3977 2820 4092 2909 es·

1402 2932 1521 3017 fet
1559 2934 1641 3015 in
1680 2934 2151 3019 meridiano:
2207 2962 2344 3019 cui
2383 2933 2681 3043 acldens
2721 2933 3058 3020 Tabulae
3095 2936 3630 3047 aequationem
3665 2928 3878 3022 istius
3893 2935 4088 3034 diei,

1408 3041 1791 3127 summam
1831 3044 2274 3130 notabimus
2318 3108 2350 3151 ,
2415 3053 2508 3129 &
2543 3044 3052 3160 horologium
3091 3046 3416 3143 ulterius
3454 3049 3914 3159 promoveri
3948 3050 4092 3163 pa-

1410 3155 1718 3239 tiemur.
1830 3156 2015 3242 dein
2048 3156 2520 3268 quibusdam
2547 3157 2834 3241 diebus
2853 3218 2882 3263 ,
2916 3154 3194 3270 elapsis
3249 3156 3490 3272 (quo
3523 3180 3785 3246 autem
3821 3160 4089 3273 plures

1482 3267 1942 3352 raeterierInt
1979 3331 2009 3373 ,
2078 3295 2181 3350 eo
2220 3267 2496 3353 melius
2521 3264 2712 3379 est)
2765 3267 2984 3352 idem
3015 3268 3342 3353 omnino
3379 3264 3747 3359 faciemus
3780 3316 3811 3373 ς
3885 3274 3998 3361 Et
4031 3276 4096 3363 fi

1412 3294 1615 3460 Rota
1662 3377 1897 3487 hujus
1955 3376 2216 3461 ultimi
2252 3378 2416 3461 diei
2457 3376 2568 3462 fit'
2591 3377 2866 3463 eadem
2887 3441 2917 3485 ‚
2967 3407 3158 3464 cum
3193 3406 3287 3465 ea
3329 3400 3512 3493 quae
3549 3402 3779 3468 antea
3828 3382 4096 3477 fuerat

1426 3508 1701 3572 notata
1718 3494 1765 3586 ‚⁸
1819 3486 2322 3602 horologium
2357 3489 2565 3575 reete
2601 3490 3294 3575 accommodatum
3323 3488 3462 3575 est.
3513 3491 3660 3577 Sin
3695 3518 3892 3583 vero
3927 3524 4102 3586 ma-

1408 3600 1552 3711 jor
1580 3597 1711 3685 vel
1753 3602 2013 3683 minor
2050 3596 2173 3697 fit,
2212 3599 2352 3683 vel
2385 3597 2672 3685 lentius
2722 3598 2861 3685 vel
2893 3599 3218 3685 celerius
3255 3622 3617 3689 movetur
3635 3656 3659 3694 ι
3711 3612 3796 3693 &
3849 3606 4100 3697 diffe-

1427 3712 1678 3795 rentia
1732 3710 1987 3796 divisa
2044 3734 2187 3821 pet
2218 3732 2628 3794 numerum
2663 3708 2976 3794 dietum
3005 3710 3322 3797 interim
3357 3710 3828 3827 dilapsamm
3861 3720 4114 3815 dabit

1423 3821 1973 3935 quotidianam
2002 3818 2530 3909 differentiam
2549 3884 2580 3929 ,
2631 3848 2878 3935 quam
2911 3821 3448 3909 annotabimus
3470 3887 3499 3931 ,
3537 3833 3618 3909 δε
3656 3825 3713 3909 fi
3753 3829 4112 3928 velimus

1426 3932 1945 4045 horologium
1998 3932 2195 4019 telin
2254 3958 2530 4021 nemus
2601 3932 2688 4018 in
2740 3931 2890 4017 illo
2937 3930 3138 4019 statu
3173 3978 3204 4035 ⁵
3279 3934 3417 4019 'vel
3444 3932 3798 4132 alimum
3831 3972 4116 4034 remo.

1428 4044 1699 4128 vendo
1746 4045 2004 4129 minus
2050 4070 2220 4157 pon
2281 4072 2372 4131 us
2433 4044 2768 4154 penduli
2821 4066 2917 4129 ut
2953 4042 3182 4157 supra
3215 4043 3518 4131 dietum
3704 4102 3735 4151 ‚
3807 4058 4118 4157 melius

1425 4152 1667 4241 horol
1776 4152 1943 4237 ium
1980 4154 2763 4239 accommodabimus.
2965 4175 2973 4181 ·
3826 4174 3840 4182 ·

1536 4264 1695 4351 Ex.
1792 4292 1853 4350 r.
1890 4290 2107 4379 pone
2130 4292 2175 4348 2
2198 4292 2256 4347 1.
2281 4262 2568 4349 Martii
2583 4291 2807 4348 mane
2825 4292 3006 4350 cum
3027 4265 3212 4397 solis
3233 4268 3525 4357 medie·
3629 4274 3702 4351 h.
3793 4302 3886 4363 ne.
3959 4280 4056 4382 J:

1414 4372 3588 4606 ἑῗῧὲῌυὶἳξέἐῗὲἒὲἔὲεωιαῗὲἔῧῖῗὲἓὲἓὲῒῖἒέ.
3631 4400 3678 4606 ξ
3688 4440 3710 4580 1
3767 4406 3900 4579 23:
3963 4410 4130 4584 ἒῗ·

3981 4612 4144 4701 Ut
