4517 5784
1323 476 1486 565 272
1847 430 3365 532 ,MACHINARUM

1331 584 1433 662 ris
1472 551 1800 660 lentium
1839 566 2369 684 hyperbolicis
2402 561 2877 675 ellipticisve
2898 625 2925 666 ‚
2979 581 3071 642 ut
3110 556 3555 659 Cartefius,
3610 553 3775 646 five
3834 555 4019 673 spei

1339 690 1540 772 culis
1581 686 1830 775 cavis,
1895 707 1984 766 ut
2029 681 2503 768 Neutonus,
2568 675 2728 756 sive
2748 676 2901 757 alia
2920 674 3203 782 quavis
3231 675 3533 754 ratione
3572 671 3658 755 id
3680 673 4024 788 aggreffi

1332 802 1492 883 -sint
1516 858 1539 895 ,
1595 801 1752 882 huc
1808 796 2074 877 omnia
2130 789 2485 874 redibant
2539 807 2630 868 ut
2666 785 3142 872 brevioribus
3179 782 3623 894 telescopiis
3642 845 3671 890 ,
3726 815 3819 870 ac
3862 789 4023 870 mi-

1339 915 1512 995 nori
1549 903 1957 992 molimine
1994 897 2504 1009 usurpandis,
2566 898 2905 980 multum
2940 895 3601 1007 amplificarentur
3638 924 3759 981 res
3796 899 4014 984 visae.

1339 1025 1560 1110 Nam
1594 1047 1848 1128 neque
1884 1035 2244 1098 accurata
2280 1009 2419 1092 illa
2456 1039 2547 1090 ac
2600 1007 3051 1119 scrupulosa
3088 1007 3675 1118 superficierum
3730 1007 4021 1096 forma·—

1343 1139 1459 1218 tio
1535 1130 1869 1216 devitari
1927 1145 2236 1238 poterat
2281 1187 2307 1226 3
2383 1148 2645 1230 neque
2702 1124 2935 1202 etiarn
2992 1119 3332 1202 lentium
3410 1117 4023 1228 speculorumve

1342 1243 1835 1357 magnitudo,
1889 1239 2260 1345 quoniam
2298 1233 2770 1316 obscuritate
2826 1231 3110 1335 nimia,
3160 1229 3563 1342 quicquid
3594 1233 4025 1318 machinati.

1341 1356 1715 1439 fuerimus
1741 1408 1766 1448 ‚
1846 1348 2121 1433 inutile
2159 1344 2383 1428 reddi
2444 1340 2735 1426 necess‘e
2773 1343 2885 1426 est
2926 1407 2953 1446 ,
3027 1342 3166 1425 nisi
3208 1371 3358 1452 pro
3401 1343 3706 1425 ratione
3744 1373 4016 1454 perce·

1345 1469 1471 1578 pti
1503 1462 1904 1575 augmenti
1943 1459 2287 1542 crescant
2325 1477 2701 1566 apertura:
2746 1455 3034 1561 quibus
3076 1456 3419 1562 primum
3438 1453 3585 1536 lux
3608 1453 4017 1540 subintrat.

1351 1582 1538 1662 Nos
1581 1603 1772 1660 vero
1790 1572 2327 1680 longitudines
2347 1568 2677 1674 quidem
2702 1593 2859 1646 non
2882 1565 3407 1648 imminuimus
3430 1618 3458 1662 ,
3518 1563 3651 1648 sed
3690 1593 3787 1649 ne
3806 1568 4024 1652 obes·

1351 1689 1516 1770 sent
1553 1685 1960 1770 effecimus
1986 1745 2010 1785 ‚
2069 1681 2293 1790 quod
2332 1677 2491 1760 fere
2531 1677 2811 1758 eodem
2850 1676 3075 1760 redit.

1480 1799 1570 1882 Si
1635 1798 1812 1906 quis
1869 1819 2061 1874 vero
2090 1787 2252 1902 ja’m
2293 1788 2635 1898 requirat
2675 1787 3087 1896 quousque
3126 1795 3207 1872 ὃς
3246 1815 3416 1898 quo
3452 1816 3717 1900 operae
3760 1791 4043 1899 p‘retio·

1347 1905 1672 1994 extendi
1715 1932 1955 2017 porro
2003 1902 2423 2012 telescopia
2467 1896 2679 2010 posse
2715 1897 3201 1996 existimem,
3258 1908 3341 1981 ὃς
3384 1924 3573 1982 num
3608 1899 4017 2012 produffis

1349 2023 1591 2130 longe
1648 2019 1854 2100 ultra
1909 2014 2237 2098 modum
2296 2037 2567 2094 eorum
2624 2037 2805 2119 quae
2865 2011 3113 2119 paulo
3152 2032 3335 2092 ante
3396 2011 3793 2111 diximus,
3850 2010 4021 2124 spe-

1347 2135 1680 2214 randum
1744 2123 1836 2208 sit
1914 2125 2174 2209 adhuc
2245 2122 2601 2233 decuplo
2680 2123 3003 2231 propius
3072 2121 3178 2204 ad
3252 2119 3517 2204 lunam
3580 2144 4021 2234 caeteraque

1349 2242 1545 2326 astra
1581 2268 1720 2322 nos
1757 2236 2184 2320 accessuros
2207 2291 2234 2331 ,
2293 2260 2713 2343 quam-quo
2748 2234 3073 2344 triginta
3092 2231 3329 2344 pedes
3354 2230 3807 2316 habentibus
3831 2265 4017 2346 pro.

1243 2383 1268 2444 ³.
1351 2351 1778 2448 cessimus3
1859 2347 2142 2456 quibus
2202 2346 2400 2428 tanti
2456 2344 2748 2425 itineris
2799 2366 3057 2452 partes
3112 2363 3433 2426 centum
3488 2345 4019 2458 quadraginta

1349 2489 1692 2565 novem,
1746 2487 1900 2542 una
1959 2460 2346 2540 duntaxat
2406 2455 2752 2562 reliqua,
2801 2452 3189 2536 conseerae
3247 2453 3461 2538 sunt:
3518 2454 4013 2566 respondebo

1352 2603 1480 2658 me
1527 2593 1782 2655 certos
1825 2569 2146 2679 quidem
2189 2568 2336 2649 arti
2360 2569 2727 2649 terminos
2768 2561 3156 2676 praefinire
3196 2592 3355 2648 non
3400 2565 3617 2676 poffe
3639 2611 3665 2668 3
3724 2565 3881 2651 huc
3900 2589 4021 2652 ta-

1356 2714 1536 2768 men
1564 2740 1588 2778 ,
1625 2711 1816 2792 -quo
1865 2681 2083 2783 dixi,
2139 2709 2283 2764 nec
2340 2679 2682 2762 maximo
2742 2677 3148 2761 hominum
3185 2700 3483 2760 conatu
3540 2692 4021 2787 perventum

1359 2798 1476 2878 iri.
1545 2796 1964 2901 multoque
2005 2791 2256 2874 minus
2292 2787 2642 2874 futurum
2665 2843 2692 2884 ,
2732 2789 2977 2897 quod
3004 2787 3251 2898 aliqui
3286 2789 3662 2874 ‚videntur
3700 2819 3859 2874 non
3880 2791 4018 2874 de·

1351 2905 1716 3012 spei-affe,
1772 2929 1858 2986 ut
1915 2903 2180 2984 lunam
2234 2929 2326 2983 ac
2388 2897 2747 2982 Planetas
2806 2919 3130 2983 caeteros
3190 2897 3413 2984 velut
3443 2906 3511 2981 -ὲ
3549 2905 4013 3014 propinquo

1347 3018 1846 3122 inspiciamus
1889 3076 1914 3116 ,
1993 3021 2074 3096 &
2127 3034 2395 3095 utrum
2456 3009 2939 3094 animalibus·
2974 3009 3416 3094 habitentur
3450 3065 3479 3108 ‚
3572 3039 3671 3094 an
3733 3036 4011 3123 praeter

1347 3127 1599 3212 vastas
1659 3122 2114 3209 solitudines
2155 3122 2356 3204 nihil
2398 3119 2771 3219 habeant,
2820 3119 2999 3207 ‚visu
3056 3142 3572 3232 penetremus.
3655 3123 4015 3210 Primum

1345 3243 1558 3322 enim
1585 3294 1612 3333 ,
1665 3239 1750 3318 in
1771 3235 2134 3347 parandis
2155 3233 2493 3318 lentibus
2518 3287 2547 3329 ‚
2598 3230 2759 3316 scio
2795 3253 3281 3345 quantopere
3314 3232 3605 3317 crescat
3640 3262 3825 3318 cum
3860 3265 4020 3322 ma·

1353 3350 1771 3461 gnitudine
1827 3344 2212 3428 formandi
2249 3341 2686 3429 difficultas
2726 3390 2751 3445 3
2844 3344 3242 3454 ipsiusque
3318 3346 3773 3429 inveniendi
3828 3343 4019 3432 vitri

1357 3461 1586 3568 quod
1629 3457 1978 3562 vitiisfliis
2016 3475 2273 3538 careat
2310 3519 2339 3558 3
2409 3483 2589 3564 quae
2630 3457 2971 3540 maxime
3012 3453 3202 3539 huic
3240 3458 3465 3566 operi
3504 3453 3776 3562 infesta
3814 3457 4023 3544 sunt.

1361 3576 1692 3680 Qanto
1729 3570 1941 3686 enim
1979 3567 2307 3649 ulterius
2340 3569 2535 3648 radii
2572 3567 3100 3676 colligentur-3
3155 3585 3381 3650 tanto
3420 3569 3667 3678 magis
3700 3568 3871 3653 haec
3906 3573 4029 3657 vi-

1243 3763 1251 3768 .
1347 3685 1466 3764 tia
1503 3682 1582 3762 se
1684 3681 1966 3760 rodant
2006 3676 2299 3760 necesse
2338 3675 2471 3757 est.
2556 3677 2905 3762 Constat
2943 3683 3311 3788 ptaeterea
3332 3735 3359 3778 ‚
3406 3695 3504 3762 ut
3530 3682 3689 3787 jam
3729 3677 3871 3764 ista
3904 3683 4025 3764 ni:-

1359 3792 1478 3876 hil
1517 3793 1622 3874 ob
1689 3811 1868 3892 ent,
1918 3817 2082 3871 -non
2115 3785 2587 3900 amplificari
2626 3817 2743 3894 res
2782 3789 3027 3893 visas-3
3080 3788 3219 3872 nisi
3240 3817 3393 3901 pro
3410 3791 3707 3874 ratione
3736 3791 4027 3876 diame-

1369 3925 1674 3984 trorum
1701 3921 2090 4010 -aperturae
2125 3901 2358 3984 lentis
2396 3900 2820 4004 exterioris.
2882 3903 3089 4008 Qlae
3124 3897 3485 3984 diametri
3520 3927 4025 4013 nequ-aquam

1351 4011 1718 4095 crescunt
1752 4014 1931 4094 c'um
1971 4011 2571 4122 telescopiorum
2612 4013 3111 4124 longitudine
3147 4059 3175 4114 3
3248 4011 3429 4118 sed,
3487 4035 3875 4124 quantum
3904 4016 4023 4100 vi-

1355 4126 1515 4210 deo
1555 4181 1581 4222 ,
1653 4126 2032 4206 rationem
2096 4123 2687 4233 longitudinum
2727 4123 3195 4234 subduplam
3226 4119 3680 4233 sequuntur.
3794 4129 4027 4212 Adeo

1353 4261 1459 4348 ut.
1483 4236 1672 4318 data
1713 4253 2070 4348 apertura
2108 4234 2491 4345 pollicum
2532 4236 2769 4316 trium
2812 4289 2840 4329 ,
2933 4234 3015 4314 in
3058 4232 3490 4345 telescopio
3526 4238 3853 4349 triginta
3888 4263 4027 4352 pev-

1362 4348 1504 4430 des
1549 4348 1834 4458 longo;
1893 4355 2266 4456 quantam
2294 4345 2608 4428 circiter
2645 4345 3133 4454 experientia
3152 4349 3507 4430 ‘concedi
3534 4347 3763 4454 finit3
3834 4353 4037 4461 alia3

1349 4455 1462 4544 ‘ad
1499 4473 1901 4562 trecentos.
1927 4453 2172 4568 pedes
2215 4513 2246 4558 ‚
2324 4482 2483 4544 non
2538 4457 2689 4542 -nifi
2732 4483 3023 4546 novem
3078 4460 3475 4556 uncia-rum
3530 4468 3616 4550 &
3672 4460 3895 4574 semis
3934 4464 4037 4554 fi‘t

2368 4620 2376 4631 ·
3712 4569 4033 4680 suffiri,
