4517 5784
788 416 1562 528 'HoRoLoo
1678 420 2662 537 osc1LLAToR.
2971 462 3126 555 ης

412 592 843 688 qnea'rcus
889 573 1240 685 percurri
1280 634 1308 674 ‚
1390 594 1491 653 ac
1547 562 1881 681 proinde
1923 564 2366 677 pendul'um
2408 564 2476 649 F
2521 566 2603 647 G
2643 630 2670 669 ,
2757 567 3111 679 pendulo
3135 562 3217 639 nn
3231 600 3447 649 eum·

3125 666 3182 702 08
3190 668 3391 705 LLLLLL

408 685 863 798 composito
896 709 1001 768 ex
1043 688 1168 783 A,
1222 685 1293 767 B
1318 744 1347 788 ,
1404 684 1536 787 C,
1592 674 2095 763 isochronum
2134 676 2306 761 effe.
2423 677 2914 763 Ostendetur
2969 709 3100 765 au·
3125 730 3324 767 mm

418 819 583 883 tem
625 799 785 881 hoc
820 797 1090 880 m0d0.
1643 892 1649 899 .
1902 890 1905 895 Ι

530 913 652 995 Sit
691 894 1003 1019 primd,
1061 906 1118 989 si
1158 894 1462 1019 potest,
1520 904 1768 985 ma'or
1808 901 2161 987 celeritas
2258 899 2480 1011 unffi
2521 898 2590 983 L
2633 966 2660 1009 ,
2735 903 2871 987 ubi
2909 906 2989 986 in
3033 906 3100 990 P

418 1021 839 1133 pervenit,
896 1038 1135 1129 quam
1173 1014 1542 1131 ponderis
1698 1016 1781 1097 in
1826 1017 1937 1099 O.
1994 1015 2189 1098 Con
2257 1038 2338 1098 at
2356 1037 2646 1113 autem,
2687 1017 2874 1100 dum
2897 1044 3102 1131 pun·
3265 1055 3272 1061 ·

416 1134 634 1217 &um
675 1131 746 1214 L
813 1134 1197 1243 percurrit
1253 1148 1521 1213 arcum
1586 1124 1659 1206 L
1702 1128 1769 1211 P
1810 1182 1839 1224 ,
1910 1124 2136 1224 simul
2192 1149 2548 1213 centrum
2584 1133 2988 1241 gravitatis
3025 1132 3098 1215 E

407 1272 869 1357 percurrere
908 1256 1171 1327 arcum
1214 1238 1537 1322 fimilem
1577 1236 1645 1317 E
1686 1242 1814 1351 Q
1858 1241 2342 1353 Ducantura
2423 1240 2674 1323 unstis
2695 1245 2834 1354 Q,
2857 1242 2948 1339 P,
2975 1244 3096 1340 O,

406 1354 1104 1469 perpendiculares
1181 1351 1481 1435 sursum
1514 1412 1535 1445 ,
1639 1379 1823 1463 quae
1875 1372 2294 1435 occurrant
2383 1351 2716 1455 ubtenfis
2773 1382 3096 1438 arcuum

410 1468 491 1551 E
533 1470 622 1573 l,
679 1466 749 1548 L
793 1466 940 1565 N,
994 1468 1075 1551 G
1112 1466 1267 1570 M,
1320 1462 1404 1547 in
1438 1464 1570 1563 R,
1630 1466 1733 1569 S,
1792 1464 1896 1547 Y.
1943 1472 2025 1549 &
2064 1465 2117 1546 S
2160 1464 2227 1545 P
2267 1483 2688 1577 vocetury.
2819 1468 3088 1559 Unde,

404 1608 599 1662 cum
638 1578 733 1661 sit
769 1598 861 1661 ut
908 1579 977 1660 L
1022 1582 1155 1685 D,
1210 1605 1318 1683 x,
1374 1576 1479 1659 ad
1524 1576 1587 1659 E
1633 1576 1770 1675 D,
1824 1575 1926 1680 d,
1984 1577 2098 1660 ita
2130 1572 2324 1683 SP,
2381 1602 2470 1682 y,
2519 1578 2733 1660 adR
2774 1580 2906 1687 Q
2947 1579 3098 1663 erit

409 1714 505 1797 R
540 1709 996 1825 Qaequalis
1038 1693 1163 1825 ’Ῐ-ξ.
1274 1709 1459 1823 Jam
1517 1708 1711 1821 quia
1761 1709 2076 1825 pondus
2118 1702 2200 1793 G
2234 1738 2406 1795 eam
2441 1708 2917 1792 celeritatem
2957 1712 3095 1793 ha.

410 1844 549 1927 bet
589 1846 672 1924 in
713 1844 801 1925 O
844 1908 873 1948 ,
948 1858 1109 1951 qua
1143 1841 1357 1925 valet
1392 1844 1495 1925 ad
1532 1843 1861 1926 eandem
1898 1844 2112 1927 unde
2148 1842 2558 1927 descendit
2593 1840 3092 1927 altitudinem

406 1955 823 2038 ascendere
858 2011 886 2051 ‚
956 1970 1242 2065 nempe
1358 1952 1443 2037 ei·
1496 1981 1768 2037 arcum
1828 1956 1915 2039 O
1956 1955 2057 2037 M
2099 2018 2126 2060 ,
2202 1955 2334 2039 vel
2370 1955 3092 2067 perpendicularem

412 2069 509 2151 O
547 2066 627 2148 Y
665 2064 811 2176 ipsi
856 2064 921 2146 P
966 2066 1017 2149 S
1060 2092 1291 2175 aequa
1321 2092 1447 2148 em
1481 2114 1507 2167 3
1586 2066 1967 2176 punstum
2004 2068 2257 2179 igitur
2299 2067 2368 2148 L
2412 2131 2439 2172 ,
2513 2066 2648 2151 ubi
2683 2067 2767 2149 in
2807 2068 2874 2149 P
2911 2096 3091 2179 per-
3150 2132 3162 2139 .

404 2179 721 2261 venerit
746 2231 775 2272 ,
830 2179 1193 2286 majorem
1234 2177 1347 2259 ibi·
1380 2179 1858 2263 celeritatem
1896 2178 2207 2261 habebit
2244 2243 2275 2283 ,
2354 2207 2595 2289 quam
2637 2204 2795 2289 qua
2829 2180 3092 2283 ascen·⁸

396 2292 637 2374 ditur
670 2288 772 2370 ad
809 2288 1311 2371 altitudinem
1350 2287 1417 2371 P
1463 2291 1539 2372 S.
1656 2278 1875 2373 Dum
1913 2318 2103 2375 vero
2150 2291 2219 2371 L
2263 2289 2530 2373 tranfit
2571 2292 2656 2371 in
2694 2290 2805 2388 P,
2848 2290 3090 2377 'simul

407 2402 773 2513 pondera
812 2400 918 2497 A,
944 2400 1044 2497 B,
1070 2403 1197 2495 G,
1243 2399 1521 2484 similes
1558 2429 1780 2487 arcus
1821 2422 2288 2515 percurrunt
2325 2402 2468 2515 ipsi
2498 2402 2566 2483 L
2589 2404 2682 2504 P,
2728 2406 3088 2489 nimirum

372 2517 495 2598 ‚A
538 2512 657 2612 T,
700 2511 765 2592 B
804 2512 923 2613 V,
958 2513 1037 2593 C
1082 2510 1195 2592 X.
1258 2510 1556 2620 Estque
1598 2513 1876 2621 punffi
1919 2514 1989 2593 L
2030 2512 2380 2595 celeritas
2422 2514 2504 2593 in
2549 2513 2644 2615 P,
2681 2514 2782 2593 ad
2819 2514 3092 2596 celeri·

405 2644 659 2707 tatem
704 2622 1075 2734 ponderis
1114 2621 1190 2703 A
1228 2620 1314 2702 in
1358 2622 1444 2703 T
1467 2682 1495 2725 ,
1549 2649 1799 2732 quum
1834 2622 2162 2707 vinculo
2196 2622 2476 2704 eodem
2511 2624 3089 2725 contineantur,

400 2733 613 2818 ficut
651 2733 1015 2816 distantia
1076 2732 1157 2814 D
1200 2730 1271 2813 L
1309 2732 1412 2815 ad
1451 2734 1532 2815 D
1569 2738 1667 2816 A.
1782 2734 1942 2819 Sed
1997 2754 2086 2816 ut
2146 2732 2614 2843 quadratum
2671 2732 3092 2823 celeritatis

395 2845 701 2956 punsti
744 2845 861 2949 L,
916 2870 1163 2958 quam
1198 2841 1433 2927 habet
1467 2844 1552 2927 in
1594 2843 1707 2950 P,
1766 2845 1867 2928 ad
1909 2844 2382 2956 quadratum
2422 2845 2842 2929 celeritatis
2886 2876 3090 2957 pun·
3193 2912 3202 2921 -
3257 2902 3264 2912 ·

396 2960 529 3042 &i
586 2960 665 3041 A
719 2959 803 3041 in
864 2960 951 3039 T
1112 2955 1225 3038 ita
1294 2952 1409 3039 est
1500 2955 1841 3041 altitudo
1933 2957 2037 3039 ad
2134 2982 2374 3066 quam
2467 2956 2600 3037 illa
2689 2958 3086 3043 celeritate

390 3069 725 3155 ascendi
782 3017 1039 3179 potell
1076 3132 1107 3173 ,
1196 3066 1299 3149 ad
1359 3064 1867 3156 altitudinem
1909 3068 2079 3176 quo
2122 3067 2268 3147 hac
2324 3064 2720 3148 celeritate
2777 3067 3092 3155 ascendi

384 3178 673 3293 potest
715 3180 795 3261 ²¹².
870 3178 1093 3289 Ergo
1130 3178 1413 3285 etiam,
1466 3198 1557 3262 ut
1597 3179 2075 3288 quadratum
2112 3175 2502 3259 distantiae
2549 3179 2628 3259 D
2677 3174 2794 3281 L,
2853 3184 3078 3290 quod
3111 3175 3420 3305 ζεῗῗξέζὼ

384 3293 623 3378 ⁴‘estant
662 3319 767 3396 x,
824 3289 927 3373 ad
964 3288 1434 3400 quadratum
1472 3286 1858 3373 distantiae
1904 3289 1983 3370 D
2030 3290 2155 3385 A,
2288 3290 2448 3371 uod
2484 3285 2671 3382 estu
2709 3312 2788 3392 e,
2845 3291 2956 3373 ita
2977 3296 3088 3377 est

385 3404 761 3489 altitudo
791 3429 967 3513 quo
1003 3400 1445 3485 ascenditur
1482 3372 1879 3487 celeritate
1919 3399 2196 3513 puniti
2332 3464 2360 3505 ,
2417 3427 2664 3511 quum
2705 3398 2816 3484 est
2854 3406 2935 3485 in
2976 3405 3092 3513 P,

404 3521 643 3629 (quae
685 3512 1032 3599 altitudo
1050 3514 1306 3619 major
1341 3512 1555 3596 dieta
1597 3512 1711 3595 est
1746 3540 1982 3624 quam
2021 3511 2088 3595 P
2132 3512 2183 3595 S
2227 3509 2388 3595 five
2415 3510 2582 3622 y,)
2659 3513 2762 3595 ad
2823 3515 3092 3599 altitu-

300 3675 303 3677 *
402 3630 677 3715 dinem
710 3646 883 3735 quo
918 3623 1361 3709 ascenditur
1399 3624 1797 3707 celeritate
1840 3622 2211 3737 ponderis
2248 3626 2324 3707 A
2364 3621 2450 3706 in
2481 3623 2626 3721 T,
2704 3623 2762 3706 fi
2802 3654 3088 3735 nempe
3216 3656 3220 3660 ·

404 3737 827 3853 postquam
864 3738 946 3819 in
986 3734 1074 3817 T
1108 3737 1476 3845 pervenit
1516 3799 1543 3839 ,
1616 3736 1893 3820 relicto
1936 3734 2294 3845 pendulo
2329 3795 2356 3834 ‚
2431 3732 2738 3815 seorsim
2775 3758 3090 3818 motum
3163 3792 3168 3797 -

402 3852 633 3935 suum
674 3848 977 3933 sursum
1016 3863 1528 3931 converteret.
1653 3848 1859 3957 Qae
1896 3843 2241 3959 ,proinde
2280 3842 2626 3929 altitudo
2663 3847 2904 3954 major
2942 3856 3094 3939 erit
3185 3867 3190 3873 ·

478 4010 657 4065 uam
695 3976 828 4072 Ἡ,
1620 4045 1631 4053 .
2351 4044 2358 4051 .

406 4008 476 4093 q
528 4066 841 4195 Eade'ffi
864 4108 1165 4195 ratione
1200 4162 1229 4217 ,
1262 4108 1453 4223 jerit
1494 4106 1839 4191 altitudo
1869 4104 1976 4187 ad
2013 4131 2253 4215 quam
2290 4100 2730 4189 ascenderet
2776 4107 3090 4217 pondus

406 4244 479 4330 B
500 4308 551 4352 ³,
583 4241 981 4337 celeritate
1016 4238 1395 4353 aequisita
1444 4266 1587 4350 pet
1620 4265 1882 4327 arcum
1926 4238 1995 4321 B
2039 4242 2123 4325 V
2148 4303 2176 4342 ,
2230 4238 2478 4347 major
2517 4215 2912 4349 quam-Q.
2981 4232 3090 4319 Et

398 4356 755 4451 alt-itudo
791 4370 893 4451 ad
930 4378 1171 4479 quam
1209 4356 1652 4451 ascenderet
1692 4368 2005 4479 pondus
2050 4368 2129 4449 C
2172 4430 2201 4471 ,
2275 4366 2672 4448 celeritate
2709 4363 3092 4475 acquifita
3221 4404 3242 4425 ·

398 4490 555 4617 'per
586 4530 851 4589 arcum
883 4504 967 4591 'C
1012 4488 1151 4603 X,
1201 4498 1445 4613 major
1482 4522 1721 4609 quam
1745 4494 1889 4615 ἕξ.
1944 4496 2265 4604 Unde,
2319 4492 2576 4579 duffis
2618 4492 2939 4605 lingulis
2975 4492 3090 4575 al-

2082 4640 2089 4647 ·
2275 4626 2364 4711 R
2901 4623 3092 4709 titu-
