4517 5784
903 414 1662 558 HORoL'oo.
1777 439 2767 554 osmLLaToR.
2970 408 3000 496 Γ
3086 433 3205 562 49“

495 613 644 674 ves
701 587 792 670 -in
851 585 1212 674 anchoris
1270 579 1474 664 stant
1512 578 1864 663 omnium
1905 578 2216 691 optima
2255 578 2579 664 videtur
2598 636 2625 676 ,
2682 579 2909 706 quod
2932 645 2959 686 ,
3018 584 3183 668 abs.
3212 599 3449 650 nuen-

3210 674 3337 710 ενι-ιο
3364 663 3473 711 Ho-

493 721 659 810 que
695 695 1388 784 instrumentorum
1421 719 1581 804 ope
1597 756 1626 797 ,
1679 689 1860 776 solis
1911 689 2163 774 oculis
2219 718 2332 774 eae
2386 689 2966 776 observationes
3004 725 3183 808 per·
3206 735 3456 777 aon-0⁸1.

496 834 851 924 agantur.
885 855 895 863 ·
1523 907 1534 917 ⁵
2059 905 2070 912 ὁ
2274 895 2283 904 ,
2721 807 2729 812 ’
2856 913 2861 918 ⁶
3308 811 3313 818 ’
3512 817 3519 823 ’

611 921 1062 1007 Pendulum
1098 949 1292 1006 vero
1329 915 1732 1019 unciarum
1751 943 2040 1018 novem
2059 913 2567 1030 longitudine
2584 918 2835 1001 inerat
2856 917 3179 1008 horolo-

495 1027 648 1148 giis
701 1026 918 1118 hisce
941 1091 968 1131 ,
1025 1031 1378 1144 pondere
1438 1021 1775 1112 semiffis.
1853 1029 2096 1112 Rotae
2151 1027 2601 1141 ponderum
2642 1033 2972 1132 attractu
3026 1042 3177 1120 cir·
3266 1083 3295 1096 ›

485 1145 1140 1260 -cuttiagebantur,
1175 1145 1612 1250 eademque
1644 1167 1834 1234 cum
1863 1139 2025 1224 illis
2047 1139 2276 1224 theca
2294 1141 2608 1224 inclusae
2630 1167 2848 1226 erant
2864 1167 3175 1256 quater-

495 1283 696 1344 num
758 1259 1053 1370 pedum
1084 1253 1644 1368 ‘longitudino
1723 1253 1820 1334 ln
1877 1253 2032 1334 ima
2100 1252 2332 1336 theca
2391 1253 2804 1363 plumbum
2858 1259 3177 1370 insuper

483 1393 822 1456 -centum
875 1365 1118 1478 atque
1176 1394 1298 1450 am
1357 1363 1508 1448 lius
1568 1363 1940 1446 librarum
1974 1364 2335 1461 additum
2394 1370 2557 1448 erat
2598 1429 2625 1470 ,
2684 1395 2855 1476 quo
2896 1378 3175 1453 melius

495 1481 1229 1598 perpendicularem
1318 1499 1522 1560 itum
1581 1474 1942 1587 suspensa
1979 1477 2066 1556 in
2121 1478 2307 1587 nari
2336 1477 2697 1562 machina
2756 1477 3113 1564 servaret.

624 1595 1106 1702 Qanqu'am
1159 1609 1422 1674 autem
1481 1585 1887 1698 aequabilis
1961 1587 2395 1672 admodum
2452 1587 2752 1700 sibique
2802 1593 3171 1680 constans

500 1701 1184 1788 automati'motus
1223 1728 1364 1812 per
1395 1698 1570 1782 haec
1605 1699 2142 1810 experimenta
2185 1701 2853 1810 comperiebatur,
2909 1729 3171 1790 tamen

499 1813 654 1902 a'lia
709 1843 1034 1929 quoque
1093 1819 1394 1898 ratione
1453 1808 1777 1893 ulterius
1813 1807 2026 1892 illud
2043 1809 2439 1924 ‘perficere
2474 1813 2801 1924 aggrel-li
2842 1814 3101 1900 sumus
3144 1883 3175 1924 ,

501 1952 688 2039 quae
745 1948 910 2010 erat
960 1921 1428 2036 hujusmodi.
1488 1923 1732 2006 Rotae
1783 1917 1908 2004 illi
1970 1948 2150 2033 quae
2194 1923 2522 2007 serratos
2558 1928 2831 2008 dentes
2866 1923 3101 2010 habet
3141 1993 3169 2033 ,

614 2036 1426 2150 nduloqueproxima
1465 2033 1574 2116 est
1595 2099 1622 2138 ,
1679 2031 1998 2144 pondus
2030 2035 2429 2148 exiguum¹
2454 2065 2557 2120 ex
2582 2037 2953 2120 catenula
2984 2039 3181 2124 affa-

499 2070 640 2237 §iie
681 2145 1126 2236 constructa
1165 2145 1729 2259 appendimuS,
1761 2251 1788 2262 q
1843 2175 1954 2230 uo
2017 2144 2182 2228 sola
2221 2137 2385 2260 ipsa
2442 2170 2937 2256 moveretur,
2996 2153 3177 2236 reli-
3286 2243 3291 2252 ,
3414 2217 3421 2224 .
3498 2213 3503 2222 -

571 2295 671 2349 ua
709 2262 930 2346 omni
969 2259 1328 2344 machina
1369 2255 1571 2340 nihil
1606 2256 1764 2340 aliu
1859 2279 2138 2374 agente
2179 2289 2419 2370 quam
2454 2284 2544 2344 ut
2584 2259 2905 2375 lingulis
2950 2263 3176 2350 semi·
3246 2293 3251 2301 ·

496 2293 892 2488 'Etrupulis
947 2373 1270 2458 horariis
1305 2369 1738 2483 ,plumbum
1794 2369 2000 2454 il-lud
2035 2371 2413 2485 exiguum
2472 2375 2575 2456 ad
2616 2379 2955 2484 priorem
2988 2375 3173 2460 'alti-

503 2489 864 2571 tudinem
905 2483 1338 2568 restitueret
1371 2529 1398 2584 3
1453 2481 1728 2565 eadem
1764 2479 1926 2566 fere
1962 2486 2263 2568 ratione
2298 2507 2538 2595 atque
2559 2487 2637 2566 in
2657 2483 3171 2571 construetio-

491 2619 609 2684 ne
683 2593 1082 2710 horologii
1159 2593 1508 2708 superius
1565 2592 1926 2708 exposita
1967 2595 2244 2678 ‘videre
2280 2593 2393 2677 est
2414 2659 2441 2702 ,
2496 2597 2631 2680 ubi
2685 2600 3001 2708 pondus
3060 2601 3171 2683 al·-
3284 2667 3293 2676 .

506 2735 679 2794 tero
731 2709 921 2793 fune
983 2705 1378 2790 attollitur
1417 2767 1446 2810 ,
1518 2705 1714 2788 dum
1768 2705 2014 2804 altero
2059 2708 2525 2820 gravitatem
2582 2707 2791 2790 suam
2852 2709 3172 2794 horolo-

498 2822 622 2938 'gii
679 2819 938 2906 motui
993 2819 1371 2934 impertit.
1488 2819 1807 2928 Quibus
1843 2819 1953 2902 ita
1989 2817 2449 2908 constructis
2476 2877 2501 2918 ,
2558 2848 2741 2904 cum
2784 2821 3035 2906 veluti
3076 2826 3182 2908 ad
3272 2820 3279 2828 ’

504 2932 818 3018 unicam
857 2954 1109 3015 rotam
1146 2925 1684 3042 omniaeffent
1713 2929 2030 3014 -redaEta
2063 2987 2096 3028 o
2135 2997 2142 3006 .
2181 2935 2427 3040 major
2464 2932 2725 3014 adhuc
2762 2958 3001 3042 quam
3044 2964 3181 3016 an-

493 3061 636 3130 ‘tea
671 3046 1038 3158 apparuit
1076 3039 1677 3156 horologiorum
1713 3041 2116 3153 aequalitas
2157 3102 2177 3132 ,
2260 3043 2633 3152 illudque
2691 3044 2979 3125 accidit
3006 3073 3178 3127 me-

501 3178 818 3242 moratu
853 3157 1186 3268 dignum
1202 3216 1230 3259 ,
1347 3153 1516 3238 uod
1541 3169 1731 3238 ‘cum
1765 3153 1932 3237 duo
1963 3153 2068 3236 ad
2101 3152 2301 3254 hanc
2352 3150 2685 3237 formam
2736 3152 3177 3261 constructa

497 3287 610 3352 'ex
646 3269 922 3353 eodem
960 3266 1190 3380 tigno
1229 3263 1314 3348 su
1351 3261 1869 3376 pendiffemus
1891 3328 1919 3369 ,
1973 3263 2285 3378 tignum
2328 3295 2518 3351 vero
2552 3263 2817 3348 fulcris
2860 3267 3171 3353 duobus

497 3378 960 3492 'impolitum
999 3373 1234 3476 esset3
1292 3396 1553 3460 motus
1597 3377 1932 3486 penduli
1972 3375 2383 3484 utriusque
2420 3379 2531 3460 ita
2570 3378 2850 3462 ictibus
2906 3380 3177 3463 adver-

499 3493 601 3576 fis
643 3486 844 3576 inter
895 3490 974 3578 se
1009 3485 1498 3590 consensere,
1540 3506 1645 3570 ‘ut
1683 3515 2088 3600 nunquam
2127 3487 2316 3571 inde
2356 3488 2487 3573 vel
2523 3491 2931 3573 minimum
2972 3519 3179 3577 rece-

497 3607 782 3712 derent
809 3667 844 3710 ‚
913 3599 1051 3684 sed
1085 3595 1494 3710 utriusque
1529 3597 1760 3682 sonus
1801 3628 1956 3698 una
1995 3598 2294 3710 semper
2350 3603 2853 3686 exaudiretur
2890 3635 2913 3685 -:
3014 3605 3177 3688 imo

497 3713 568 3796 'si
606 3718 788 3799 data
822 3741 1067 3824 opera
1089 3713 1680 3824 ,perturbaretur
1715 3711 2139 3794 concordia
2185 3711 2369 3814 illa,
2428 3711 2921 3825 semetipsam
2956 3714 3179 3798 brevi

497 3843 870 3938 'tempore
903 3824 1328 3908 reduceret.
1387 3819 1730 3904 Miratus
1763 3822 2224 3932 aliquandiu
2276 3851 2435 3904 rem
2473 3823 2675 3906 adeo
2730 3823 3121 3908 insolitam
3144 3891 3177 3932 ‚

503 3939 777 4022 inveni
833 3939 1181 4046 denique
1220 3992 1248 4033 ,
1321 3927 1685 4016 instituto
1741 3933 2114 4044 diligenti
2171 3934 2572 4039 examine,
2668 3938 2998 4018 amotu
3080 3940 3178 4021 ti-

485 4053 648 4163 gni
701 4047 940 4160 ipsius
959 4111 992 4151 ,,
1065 4047 1254 4153 licet
1305 4039 1915 4155 haudquaquam
1953 4043 2331 4144 sensibili,
2385 4044 2697 4130 causam
2752 4047 3176 4158 petendam

507 4162 626 4244 ess
615 4178 683 4243 e.
747 4159 830 4242 N
843 4186 1068 4269 empe
1091 4157 1615 4270 pendulorum
1635 4155 2289 4268 reciprocationes
2308 4156 2747 4270 horologiis
2770 4215 2795 4256 ‚
2839 4155 3183 4272 quanto-

505 4275 710 4376 libet
730 4269 1077 4384 pondere
1103 4269 1456 4381 gravatis
1477 4333 1506 4373 ,
1550 4281 1856 4350 motum
1895 4267 2242 4378 aliquem
2280 4272 2855 4355 communicare
2878 4319 2905 4372 3
2963 4271 3183 4357 hunc

510 4413 704 4470 vero
764 4403 1120 4486 motum,
1174 4381 1406 4493 tigno
1461 4377 1609 4503 ipfi
1684 4377 2180 4490 impress‘um,
2234 4383 2652 4468 necessario
2706 4381 3019 4466 efficere
3077 4407 3171 4474 ut
3266 4457 3273 4464 .

505 4495 576 4584 fi
635 4494 853 4578 aliter
887 4519 1132 4606 quam
1185 4491 1600 4611 contrarii}
1652 4491 1752 4612 ad
1817 4517 2162 4604 unguem
2223 4493 2507 4688 istcipus
2580 4493 3019 4608 pendulum
3078 4519 3170 4574 u-

1987 4615 1994 4625 ·
2926 4625 3181 4688 trum-
