4517 5784
992 422 2610 519 CONTROVERSIA:
2975 438 3136 551 ‘225

454 564 540 654 in
590 561 937 680 quodam
970 566 1238 677 magni
1276 562 1391 647 sui
1412 558 1713 649 Cursus
1750 562 2302 649 Mathematici
2339 563 2524 649 loco
2539 629 2570 671 ,
2625 574 3139 661 memorando

446 680 1073 791 'experimentum
1131 703 1316 759 eum
1359 674 1751 759 Pendulo-
1776 674 2224 787 compofito
2262 703 2366 760 ex
2410 676 2718 763 duobus
2757 684 3130 791 ponderi·-
3277 740 3290 757 -

448 788 593 873 bus
657 786 1097 871 institutum
1140 850 1171 893 ‚
1262 790 1343 873 in
1416 814 1584 899 quo
1656 808 2129 899 computans
2208 788 2596 873 rationem
2645 817 2806 875 non
2846 793 3126 882 habuit

448 902 593 1013 (ut
624 896 1001 1009 debebat)
1116 899 1432 983 onderis
1476 896 1734 981 baculi
1753 960 1783 1003 ,
1850 899 1986 987 cui
2029 899 2382 1010 pondera
2415 920 2636 983 erant
2673 904 3159 1016 applicata„

438 1013 828 1096 immerito
882 1036 1071 1121 regu
1104 1036 1185 1093 as
1246 1006 1537 1093 nostras
1590 1009 1694 1091 de
1754 1009 2358 1094 determinando
2399 1032 2672 1095 centro
2713 1019 3118 1125 gravitatis

440 1124 764 1234 culpare
784 1176 813 1222 ‚
853 1118 1069 1234 quafi
1108 1147 1269 1205 non
1304 1119 1823 1209 convenirent
1855 1144 2049 1210 'cum
2090 1123 2187 1207 iis
2222 1148 2404 1234 quae
2425 1120 2564 1206 ille
2585 1150 2851 1211 revera
2869 1128 3128 1243 obser-⁰

438 1255 679 1319 varat.

1656 1457 1705 1545 1
1760 1459 1909 1553 Va·
3085 1539 3092 1546 .

642 1636 1100 1784 ‘Exceptio
1142 1576 2027 1888 Abbatisgatelani
2070 1648 2205 1753 ad
2240 1645 2882 1785 responsionem
2995 1596 3028 1615 ‘p

1662 1822 1997 1923 ugenn.
2487 1816 2498 1825 ⁴
2716 1818 2738 1847 ⁸

659 1999 802 2081 On
860 1994 1188 2081 debebat
1244 1994 1671 2111 Hugenius
1731 2028 1778 2081 a
1830 1992 1971 2083 suo
2030 1998 2426 2111 principio
2465 1995 2807 2111 separare
2843 2000 3112 2087 conse-

669 2110 1077 2217 quentiam
1098 2168 1127 2209 ‚
1182 2129 1276 2189 ut
1309 2108 1510 2193 hanc
1544 2109 1767 2193 aliter
1804 2110 2199 2223 intelligat
2232 2168 2259 2209 ,
2335 2138 2574 2221 quam
2611 2140 2765 2223 ego
2804 2115 2884 2195 in
2928 2114 3112 2197 scri-

499 2223 597 2302 tis
638 2220 853 2303 meiS.
956 2218 1276 2303 Prorsus
1317 2221 1673 2305 deberem
1705 2222 1999 2307 oblitus
2034 2220 2182 2307 effe
2220 2224 2770 2307 Arithmetices
2795 2288 2824 2329 ,
2877 2220 2936 2305 fi
2977 2227 3106 2309 ab·
3145 2319 3158 2329 ,

438 2332 1091 2441 'olute‘negarem
1110 2390 1141 2430 ,
1198 2351 1291 2411 ut
1327 2358 1453 2413 me
1490 2328 1741 2416 facere
1778 2333 2245 2437 contendit,
2303 2334 2502 2445 quod
2547 2362 2607 2439 4
2641 2336 3110 2444 magnitudi-

434 2462 561 2523 nes
590 2436 996 2552 inequales
1022 2435 1289 2564 pofflnt
1328 2436 1607 2546 efficere
1654 2472 1695 2525 2
1717 2442 2068 2549 summas
2106 2442 2432 2549 aequales
2473 2504 2500 2543 ,
2575 2469 2826 2545 quum
2883 2443 2998 2525 nil
3032 2476 3118 2527 a·

435 2551 611 2633 liud
649 2548 1049 2637 concludo
1083 2574 1168 2631 m
1208 2546 1517 2658 scriptis
1542 2604 1570 2645 ‚
1628 2568 2155 2658 praeterquam
2186 2550 2412 2654 quod
2444 2550 2882 2657 propofitio
2925 2554 3014 2632 H
3025 2582 3115 2633 u-

436 2662 651 2771 genii
687 2688 871 2746 'vera
906 2657 1057 2743 effe
1100 2677 1440 2767 nequeat
1478 2722 1509 2763 ,
1579 2656 1720 2741 nifi
1760 2686 1939 2770 pars
1979 2656 2075 2737 fit
2122 2658 2451 2767 aequalis
2491 2660 2668 2740 toti.
2784 2664 2913 2745 Ut
2956 2659 3114 2745 hoc

435 2771 713 2855 melius
746 2786 1019 2884 ‘pateat
1036 2833 1066 2875 ,
1105 2768 1475 2852 debemus
1513 2768 1645 2853 hic
1692 2768 2042 2883 proferre
2080 2768 2700 2881 propositionem
2743 2770 2960 2855 illam
2979 2799 3120 2887 ge«

434 2882 775 2967 ‘neralem
819 2910 968 2995 pro
1031 2881 1162 2963 riis
1204 2880 1579 2965 terminiS.
2511 2934 2516 2939 -
2609 2915 2631 2973 τ

562 2994 655 3076 Si
692 2994 961 3075 Pendu
996 3016 1123 3073 um
1160 3014 1197 3072 e
1204 2986 1553 3101 pluribus
1566 2991 2015 3103 ponderibus
2034 2990 2534 3104 compositum,
2555 3008 2788 3104 atque
2825 3016 2864 3075 e
2901 2998 3108 3106 quie-7

432 3124 514 3190 te
554 3099 975 3210 demzffum,
1004 3117 1303 3211 partem
1344 3126 1868 3215 quamcunque
1890 3102 2394 3215 osculationis
2431 3108 2587 3184 inte
2637 3130 2748 3185 rae
2787 3103 3104 3211 confece—

435 3224 555 3299 rit
588 3276 619 3321 ,
694 3236 928 3326 atque
961 3210 1135 3294 inde
1164 3232 1391 3323 porro
1424 3210 1959 3325 intelligantur
1990 3212 2324 3327 pondera
2367 3214 2524 3324 ejus
2553 3288 2558 3291 .
2585 3210 2845 3324 mgula
2865 3269 2892 3311 ,
2927 3212 3106 3298 reli-

437 3326 558 3413 ῖίο
594 3330 969 3409 communi
1000 3320 1337 3419 vinculo,
1383 3322 1803 3411 celeritates
1838 3326 2243 3440 acquisttas
2259 3322 2577 3435 sursum
2617 3343 3102 3433 convertere,

435 3462 528 3521 ac
560 3462 943 3551 quousque
966 3432 1264 3551 poffunt
1302 3432 1685 3541 asiendere
1722 3460 1759 3530 3
1834 3440 1971 3522 hoc
1986 3434 2253 3548 facio,
2295 3459 2637 3521 centrum
2659 3443 3112 3547 gravitatis

438 3574 533 3633 ex
569 3551 906 3632 omnibus
963 3546 1363 3655 composttae
1386 3603 1410 3641 ,
1447 3549 1555 3631 ad
1592 3548 1897 3633 eandem
1934 3546 2424 3639 altitudinem
2464 3546 2856 3660 reversum
2903 3558 3102 3651 erit,

438 3677 671 3775 quam
707 3676 882 3742 ante
924 3661 1290 3766 inceptam
1331 3656 1883 3769 oscillationem
1920 3662 2323 3747 obtinebat.

554 3772 775 3853 Cum
826 3770 995 3851 haec
1052 3766 1491 3877 propofitio
1525 3774 1875 3853 terminis
1917 3770 2498 3881 generaliffimis
2534 3788 2922 3879 concepta
2955 3770 3114 3863 fit..

428 3886 544 3966 ita
580 3906 671 3963 ut
710 3906 1072 3965 numerus
1108 3868 1551 3988 ponderum
1574 3940 1601 3981 ,
1660 3880 2178 3976 fumeorum,
2236 3878 2556 3962 duratio
2579 3880 3096 3985 Vibrationis,

430 3988 675 4106 ipsam
697 4018 851 4073 non
872 4009 1178 4073 mutent
1199 4052 1227 4092 ‚
1268 4015 1512 4097 pon0‚
1550 3988 1799 4073 Exein
1868 3988 1923 4071 li
1943 3978 2200 4085 causa,
2240 3988 2692 4073 Pendulum
2713 3988 3106 4103 compost-

428 4118 600 4186 tum
635 4130 679 4183 e
719 4102 1186 4211 ponderibus
1228 4100 1543 4183 duobus
1582 4019 2009 4211 aequafibus
2039 4158 2065 4197 ‚
2119 4108 2200 4185 &
2240 4100 2444 4215 iuter
2483 4099 2560 4185 se
2599 4088 2704 4183 ad
2739 4128 2981 4210 quam
3001 4100 3098 4183 li·

428 4212 683 4297 buerit
724 4240 769 4291 a
806 4210 879 4293 se
916 4212 1252 4295 invicem
1304 4207 1744 4295 distantiam
1792 4210 2106 4323 juncffis.
2208 4206 2655 4297 Confidero
2695 4239 2936 4319 porro
2987 4210 3100 4293 al-

422 4325 855 4417 titudine8‚
913 4348 1093 4429 quoe
1138 4320 1317 4399 sunt
1362 4324 1992 4429 proportionales
2029 4323 2434 4431 quadratis
2481 4322 2998 4406 velocitatum
3018 4321 3106 4404 in

418 4436 729 4519 duobus
792 4430 1165 4515 Pendulis
1226 4429 1703 4539 simplicibus
1742 4493 1771 4536 ,
1842 4432 1990 4514 effe
2024 4429 2352 4624 interFs}
2385 4450 2474 4511 ut
2513 4428 2976 4624 velocitaters
3019 4434 3105 4511 in

2971 4566 3107 4623 en-
