4517 5784
863 444 1650 563 HoRoLoe„
1761 446 2758 541 oscrLLAToR..
3002 466 3175 574 '63-

599 586 1172 670 Elevationem.
1234 582 1458 694 plani
1529 607 1913 670 vocamus
1975 583 2471 669 altitudinem
2522 591 2687 698 ejus
2741 590 3162 682 seeundum
3184 617 3265 664 m
3294 629 3433 701 m·-

481 697 1181 815 perpendiculum..
2231 731 2236 734 ·
2616 775 2630 786 .
3183 691 3386 790 225³?
3370 703 3489 794 122...

603 815 862 904 Sunto
896 810 1175 921 itaque
1211 805 1450 918 plam
1489 807 1928 912 inclinata,
1973 835 2315 920 quorum
2356 809 2725 900 sectiones
2746 813 2971 902 factae
2994 808 3421 935 pla-{22⁸5-

483 951 592 1008 no
619 924 724 1006 ad
761 923 1282 1008 horizontem
1311 920 1574 1003 erecto
1614 983 1640 1024 ‚
1715 923 1798 1006 A
1831 920 1962 1024 Β,
1989 923 2096 1005 C
2129 923 2206 1005 Β
2251 966 2277 1020 3
2354 951 2862 1039 quorumque
2903 927 3165 1014 eleva-

481 1037 730 1126 tiones
769 1039 858 1124 A
883 1033 950 1116 E
987 1098 1032 1144 λ
1095 1035 1175 1122 C
1215 1034 1298 1115 D
1355 1029 1511 1115 fint
1567 1031 1912 1142 aequales
1953 1077 1982 1130 3
2058 1041 2141 1118 sc
2199 1033 2427 1118 cadat
2494 1065 2732 1152 grave
2768 1068 2879 1122 ex.
2908 1045 2989 1128 A
3020 1069 3167 1152 per

477 1149 814 1259 planum
852 1149 936 1234 A
965 1147 1036 1230 Β
1075 1207 1098 1236 ,
1183 1153 1266 1229 &
1303 1142 1566 1227 rursus
1607 1168 1720 1228 ex
1752 1146 1831 1231 C
1875 1170 2020 1251 per
2054 1144 2389 1253 planum
2434 1151 2513 1232 C
2560 1151 2654 1232 B.
2711 1153 2900 1234 dico
2938 1177 3167 1240 utro-

479 1289 644 1372 que
701 1258 892 1343 casu
919 1259 1260 1346 eundem
1300 1257 1637 1376 gradum
1675 1253 2142 1352 velocitatis.
2160 1257 2254 1341 in
2284 1260 2589 1370 punito
2629 1263 2709 1347 Β.
2740 1265 3163 1376 acquisitu.

481 1401 685 1462 lum.

607 1485 692 1569 Si
742 1484 958 1568 enim
1018 1509 1160 1592 per
1219 1479 1414 1564 OB
1473 1482 1760 1568 cadens
1797 1481 2176 1566 minorem
2214 1481 2719 1570 velocitatem
2759 1489 3165 1596 acquirere

483 1597 796 1680 dicatur
831 1623 1078 1712 quam
1117 1595 1398 1677 cadens
1438 1621 1580 1705 per
1618 1598 1697 1680 A
1740 1594 1810 1681 Β
1852 1655 1872 1686 ,
1953 1593 2234 1680 habeat
2289 1617 2485 1709 ergo
2528 1655 2555 1695 ,
2628 1626 2772 1708 per
2806 1598 2885 1682 C
2928 1602 3014 1686 Β.
3041 1633 3169 1686 ca.

482 1710 676 1792 dens
701 1773 730 1814 ‚
784 1706 954 1792 eam
989 1708 1376 1825 duntaxat
1417 1733 1660 1816 quam
1700 1733 1842 1815 per
1891 1705 1960 1791 F
2010 1708 2079 1791 B
2122 1709 2559 1819 acquireret
2584 1775 2611 1814 ,
2665 1710 2915 1818 posita
2938 1715 3183 1798 nimi-

480 1846 662 1903 rum
711 1821 780 1904 F
823 1821 892 1904 B
933 1822 1234 1906 minore
1271 1845 1512 1928 quam
1549 1821 1628 1904 A
1668 1817 1766 1900 B.
1872 1821 2260 1928 Aequiret
2300 1841 2561 1905 autem
2604 1849 2745 1931 ρει·
2787 1821 2866 1904 C
2910 1825 2981 1906 B
3036 1855 3163 1910 caff-

481 1931 676 2015 dens
713 1959 892 2016 eam
922 1931 1428 2016 velocitatem
1463 1957 1634 2040 qua·
1665 1926 1918 2013 rursus
1957 1957 2097 2040 per
2134 1952 2387 2016 totam
2428 1933 2497 2016 B
2526 1933 2603 2015 C
2642 1933 2877 2042 possit
2897 1937 3161 2022 ascen-

479 2045 666 2128 dere
691 2044 775 2124 ἥ.
849 2043 1068 2157 Ergo
1105 2052 1188 2126 ὃς
1225 2069 1369 2151 ρει·
1405 2042 1476 2124 F
1521 2043 1592 2128 B
1633 2044 1995 2152 aequ-iret
2029 2071 2212 2126 eam.
2237 2042 2741 2130 velocitatem
2779 2076 2937 2157 qua
2971 2054 3147 2157 pos-
3172 2095 3217 2129 ,0
3242 2099 3377 2162 ,m
3396 2111 3451 2156 4,

479 2153 573 2238 fit
613 2154 1024 2242 ascendere
1058 2183 1198 2264 per
1237 2173 1490 2235 totam
1535 2155 1606 2238 Β
1653 2157 1759 2237 C.
1821 2155 2178 2270 Ideoque
2215 2157 2507 2241 cadens
2536 2185 2639 2243 ex
2679 2158 2747 2242 F
2791 2160 2873 2240 in
2914 2161 2982 2242 B
3008 2227 3035 2266 ,
3098 2159 3273 2246 fimi·

483 2271 907 2352 continuet·
941 2295 1186 2376 porro
1224 2286 1534 2356 motum
1570 2293 1728 2376 per·
1749 2268 1832 2351 B.
1862 2270 1940 2351 C
1984 2310 2010 2364 3
2081 2268 2323 2378 quod.
2363 2270 2811 2379 repercuss'u·
2868 2275 2968 2355 ad
3032 2274 3155 2358 su·
3280 2317 3287 2324 ·

481 2379 882 2490 perficiem
915 2377 1320 2489 obliquam
1355 2375 1528 2460 fieri
1567 2379 1826 2487 potest
1865 2425 1890 2480 3
1966 2379 2339 2463 ascendet
2374 2399 2631 2490 usque
2665 2385 2747 2465 in
2790 2383 2868 2465 C
2890 2447 2931 2487 „
3001 2385 3159 2474 hoc

481 2491 594 2574 est
613 2554 641 2595 ‚
695 2491 930 2578 altius
970 2519 1210 2601 quam
1247 2489 1459 2590 unde
1491 2490 1842 2595 decidit,
1898 2491 2126 2600 quod
2165 2491 2277 2573 est
2316 2490 2749 2578 absurdum.

591 2602 901 2686 Eodem
939 2603 1186 2684 modo
1223 2597 1676 2684 ostendetur
1715 2627 1973 2710 neque
2014 2629 2155 2710 per
2191 2602 2647 2713 planumA.
2678 2607 2744 2688 B
2790 2605 3168 2694 deciden-
3319 2676 3327 2684 .

485 2715 546 2798 ti
611 2716 997 2800 minorem
1059 2711 1573 2797 velocitatem
1615 2715 1918 2824 acquiri
1956 2743 2194 2825 quam
2235 2741 2378 2824 per
2424 2718 2503 2801 C
2546 2717 2638 2798 B.
2758 2717 2977 2828 Ergo
3028 2749 3185 2830 per.-

481 2850 819 3020 Rtraqiue
854 2824 1100 2935 plana
1127 2823 1401 2907 eadem
1439 2824 1815 2910 velocitas
1851 2827 2285 2936 acquiritur
2304 2885 2332 2926 ‚
2387 2829 2616 2936 quod
2650 2853 2809 2913 erat
2840 2833 3165 2918 demon.-

553 2968 684 3021 ran
746 2965 905 3025 um.

607 3049 858 3158 Quod
902 3048 956 3131 si
1009 3075 1256 3150 vern,
1302 3073 1454 3154 pro
1497 3044 1742 3154 plano
1780 3046 2160 3129 alterutro
2181 3114 2209 3153 ,
2264 3050 2607 3132 sumdtur
2642 3053 3169 3160 perpendicu-

482 3162 648 3250 l'um
687 3159 942 3270 ipsum
983 3159 1404 3270 planorum
1441 3155 1866 3240 elevationi
1903 3158 2206 3266 aequale
2255 3217 2281 3257 ,
2358 3188 2499 3272 per
2536 3165 2761 3272 quod
2800 3165 3167 3255 decidere

397 3290 456 3308 “
483 3273 772 3360 mobile
809 3293 1150 3380 ponatur
1189 3333 1234 3375 ‚,
1314 3268 1418 3352 fic
1459 3296 1788 3379 quoque
1828 3271 2154 3356 eandem
2195 3300 2439 3382 quam
2478 3299 2618 3382 per
2662 3275 2895 3384 plana
2930 3277 3161 3361 incli-
3270 3371 3277 3378 .

485 3408 664 3470 nata
675 3383 1213 3577 ss{relocitatem
1254 3382 1330 3465 ei
1372 3381 1682 3491 acquiri
1721 3381 2024 3466 constat
2063 3426 2090 3483 3
2185 3386 2465 3468 eadem
2505 3415 2841 3502 namque
2880 3385 2993 3472 est
3028 3391 3177 3475 de·-

481 3526 670 3584 mon
742 3517 968 3580 ratio.
1473 3557 1486 3568 .
2067 3555 2074 3561 .

590 3611 844 3694 Porro
905 3606 1094 3689 hinc
1148 3609 1304 3716 jam
1343 3605 1548 3692 reste
1585 3631 1920 3716 quoque
1959 3608 2342 3714 procedet
2378 3607 2939 3696 demonstratio
2976 3610 3169 3692 alte-

483 3721 648 3806 nius
687 3719 1194 3805 theorematis
1213 3715 1615 3801 -Galileani
1653 3781 1680 3822 ‚
1757 3718 1889 3798 cui
1923 3717 2241 3829 reliqua.
2259 3722 2526 3802 omnia
2561 3787 2587 3826 ‚
2668 3749 2846 3832 quae
2890 3723 2992 3802 d‘e
3031 3721 3187 3802 de·-

485 3831 744 3922 fcensu
768 3833 994 3946 super
1015 3829 1270 3940 planis
1289 3827 1685 3914 inclinatis
1708 3828 2036 3914 tradidit
2061 3893 2086 3936 ,
2126 3829 2779 3941 superstruuntur⁴
2840 3833 3185 3942 Nempe

867 4035 2347 4146 PROPOSITIO'·
2482 4041 2757 4148 VII.
2993 4166 3002 4172 ο
3226 4167 3231 4172 ἢ

478 4193 1158 4428 Tssmlim.
1199 4196 1784 4392 descenstaurn
1835 4199 2136 4338 fitper
2183 4203 2497 4340 planis
2548 4201 3175 4363 diversimode·

730 4335 1198 4442 mcltnatrs
1226 4408 1254 4460 ,
1279 4337 1470 4471 βά
1505 4372 1722 4472 quot
1745 4373 1895 4438 um
1941 4343 2263 4444 eadem
2308 4341 2432 4481 el}
2475 4344 2939 4468 clevatm,
2982 4341 3159 4481 effe

482 4480 730 4584 inter
747 4476 870 4618 se
920 4501 1028 4580 ut
1065 4477 1574 4632 planorum·
1605 4475 2248 4615 longitudines.
2981 4611 3064 4698 S·
3126 4627 3165 4698 t

579 4661 588 4666 ·
2790 4649 2798 4660 ·
2946 4658 2954 4666 ·
3040 4637 3125 4697 ιιι
