4517 5784
1439 486 1585 572 118
1929 468 2830 566 CHRISTIANI
2942 462 3625 565 HUGEN-II

1093 612 1572 696 memnobus
1595 677 1622 718 ‚
1679 628 1838 695 tam
1880 609 1976 692 ab
2016 604 2313 721 angulo
2352 632 2595 719 quam
2638 606 2683 688 a
2726 600 2995 688 medio
3036 631 3223 689 arcu
3266 604 3690 719 suspenfiS,
3746 624 3987 722 atque
4026 611 4111 699 in

1095 714 1356 816 ssisskfiss.“'
1433 726 1636 811 latus
1697 723 2008 835 agitatis
2045 786 2070 826 ,
2128 726 2322 803 item
2386 722 2469 801 in
2530 715 2810 802 circuli
2868 714 3329 830 segmentiS,
3386 729 3469 803 δε
3526 722 3609 803 in
3646 720 4065 836 triangulis
4092 782 4115 823 ,

1435 868 1647 923 nunc
1695 863 1792 919 ex
1833 837 2176 937 vertice,
2233 860 2445 914 nunc
2484 858 2589 913 ex
2628 830 2884 916 media
2921 828 3074 912 bafi
3120 831 3662 942 pendentibus.
3724 836 3980 945 Qod
4016 867 4116 921 eo

1431 954 1681 1050 redit,
1737 971 1828 1032 ut
1869 947 2309 1061 pendulum
2351 942 2731 1054 simplex,
2790 942 2945 1027 hoc
2966 941 3081 1025 est
3104 1008 3129 1048 ‚
3186 943 3503 1055 pondus
3528 944 3675 1031 filo
3692 945 4116 1059 appensum

1429 1066 1860 1178 reperiatur
1901 1088 1993 1143 ea
2030 1056 2537 1172 longitudine
2574 1120 2604 1163 ‚
2656 1078 2749 1141 ut
2784 1054 3311 1139 oscillationes
3352 1054 3607 1149 ,faciat
3663 1082 4117 1171 temporum

1431 1175 1866 1261 eorundem
1921 1199 2014 1255 ac
2077 1170 2351 1284 figurae
2411 1166 2623 1275 istae,
2678 1170 2799 1253 uti
2835 1167 3143 1251 dietum
3183 1166 3343 1274 est,
3400 1166 3535 1250 sus
3610 1170 3800 1255 usae.
3866 1172 4119 1257 Simul

1437 1318 1631 1373 vero
1674 1288 2014 1399 pretium
2055 1314 2106 1366 o
2167 1310 2318 1366 erae
2341 1347 2366 1387 ,
2422 1280 2480 1363 fi
2522 1280 2731 1364 forte
2752 1280 3093 1393 quaefitis
3131 1196 3696 1388 satisfecissgii,
3751 1310 4119 1397 magnum

1443 1404 1620 1484 sane
1659 1406 1738 1481 ὃς
1788 1313 2260 1497 invidioiinm
2302 1393 2847 1507 pollicebatur.
2910 1394 3067 1477 Sed
3109 1425 3154 1478 a
3189 1394 3495 1479 nemine
3532 1394 3618 1479 id
3660 1397 3885 1505 quod
3921 1396 4119 1481 defi-

1439 1514 1758 1597 derabat
1792 1531 1982 1591 tunc
2018 1509 2393 1590 obtinuit.
2454 1506 2676 1590 Nam
2716 1532 2841 1603 me
2892 1507 3117 1615 quod
3155 1505 3485 1611 attinet,
3542 1510 3725 1588 cum
3762 1508 3965 1592 nihil
3999 1538 4121 1594 re-

1439 1628 1777 1737 perirem
1819 1648 1988 1733 quo
2029 1618 2162 1705 vel
2195 1618 2495 1731 primus
2531 1618 2792 1701 aditus
2832 1620 2939 1701 ad
2973 1617 3730 1728 contemplationem
3766 1648 3939 1703 eam
3980 1650 4119 1734 pa-

1443 1736 1768 1820 tesceret
1791 1782 1816 1835 5
1874 1732 2099 1817 velut
2129 1736 2185 1813 'a
2225 1731 2491 1813 limine
2507 1728 2891 1842 repulsus,
2936 1728 3284 1842 longiori
3304 1727 3901 1843 investigatione
3922 1754 4119 1818 tunc

1440 1850 1775 1961 quidem
1811 1842 2167 1928 abstinui.
2227 1844 2401 1949 Qu
2441 1870 2633 1925 vero
2666 1867 2831 1925 rem
2872 1838 3029 1935 sese
3068 1839 3486 1924 confecisse
3524 1841 3927 1953 sperabant
3966 1848 4121 1931 viri

1439 1962 1776 2073 insignes
1801 2024 1825 2065 ,
1883 1955 2280 2042 Cartesius
2301 2019 2327 2059 ‚
2386 1954 2855 2038 Honoratus
2879 1951 3236 2058 FabriuS,
3272 1953 3599 2063 aliique,
3620 1983 4119 2068 nequaquam

1440 2073 1774 2185 scopum
1839 2073 2272 2183 attigerunt
2309 2124 2337 2165 ‚
2396 2063 2537 2147 nifi
2595 2067 2677 2148 in
2736 2067 3007 2177 paucis
3064 2063 3535 2179 quibusdam
3589 2064 4069 2152 facilioribus
4092 2125 4118 2168 ,

1441 2183 1576 2267 sed
1617 2210 1958 2294 quorum
1995 2205 2254 2263 tamen
2296 2176 3037 2261 demonstrationem
3076 2174 3370 2260 nullam
3387 2175 3751 2261 idoneam
3774 2242 3802 2284 ,
3858 2200 3946 2263 ut
3969 2184 4116 2266 mi-

1443 2299 1532 2381 hi
1572 2296 1885 2379 videtur
1921 2351 1946 2393 ,
1999 2292 2452 2374 attulerunt.
2516 2290 2777 2402 quue
2812 2290 3393 2402 comparatione
3428 2314 3704 2373 eorum
3744 2316 3925 2400 quae
3986 2291 4118 2379 hic

1447 2408 1842 2490 trademus
1908 2402 2396 2490 manifestum
2453 2400 2622 2485 fore
2680 2399 2904 2514 spero
2928 2456 2953 2497 ,
3012 2400 3071 2482 fi
3136 2400 3317 2510 quis
3355 2398 3561 2485 forte
3602 2430 3781 2513 quae
3822 2402 3921 2483 ab
3958 2404 4117 2489 illis

1445 2520 1737 2603 tradita
1792 2517 1967 2602 sunt
1991 2579 2010 2609 ,
2074 2544 2258 2600 cum
2321 2513 2596 2597 nostris
2634 2511 2843 2595 hisce
2901 2513 3329 2597 contulerit
3374 2554 3401 2612 3
3454 2542 3637 2624 quae
3674 2508 3999 2624 quidein
4034 2526 4119 2602 δε

1445 2630 1906 2717 certioribus
1965 2629 2380 2741 principiis
2441 2622 2965 2711 demonstrata
2999 2624 3379 2729 arbitror,
3437 2634 3519 2709 δε
3558 2628 4116 2737 experimentis
4162 2632 4169 2639 ’

1443 2741 1765 2855 prorsus
1804 2740 2358 2825 convenientia
2396 2741 2674 2847 reperi.
2734 2736 3081 2819 Occasio
3122 2762 3315 2821 vero
3352 2736 3453 2819 ad
3474 2737 3644 2820 haec
3662 2739 3933 2822 denuo
3950 2761 4117 2823 ten·

1445 2856 1729 2960 tanda,
1783 2882 1885 2938 ex
1926 2848 2455 2966 pendulorum
2492 2849 2872 2932 automati
2896 2846 3136 2930 nostri
3173 2849 3863 2961 temperandorum
3883 2852 4119 2935 ratio·

1450 2994 1552 3052 ne
1589 2966 1853 3051 oblata
1883 2962 1994 3049 est
2017 3029 2043 3070 ‚
2096 2964 2294 3045 dum
2351 2962 2668 3075 pondus
2710 2958 2996 3044 mobile
3019 3024 3038 3053 ,
3104 2956 3385 3073 praeter
3436 2961 3523 3043 id
3560 2962 3788 3072 quod
3826 2960 3907 3043 in
3946 2962 4115 3048 imo

1449 3078 1614 3185 est,
1673 3078 1830 3163 illis
1889 3076 2260 3191 applic0,
2317 3098 2411 3159 ut
2470 3076 2552 3157 in
2588 3070 3118 3185 descriptione
3156 3072 3556 3187 horologii
3596 3070 3752 3156 fuit
3768 3074 4111 3186 explica-

1447 3212 1650 3273 tum.
1711 3190 1938 3272 Hinc
1995 3188 2449 3279 melioribus
2508 3184 2868 3298 auspiciis
2928 3206 3169 3297 atque
3217 3188 3275 3269 -ὲ
3328 3188 3578 3296 prima
3612 3184 3918 3297 origine
3955 3215 4113 3271 rem

1451 3298 1815 3399 exorsus,
1871 3302 2188 3384 tandem
2243 3296 2750 3381 difficultates
2806 3324 3079 3380 omnes
3136 3295 3497 3409 superavi
3537 3354 3562 3394 ,
3622 3325 3764 3379 nec
3818 3318 4115 3382 tantum

1453 3412 2030 3538 problematum
2071 3410 2791 3495 Mersennianorum
2825 3404 3295 3491 solutionem
3332 3472 3359 3514 ,
3414 3407 3547 3490 sed
3603 3409 3751 3491 alia
3790 3436 4119 3521 quoque

1453 3523 1615 3609 1111's
1656 3522 2103 3608 difficiliora
2137 3525 2437 3633 reperi,
2496 3530 2579 3605 δε
2617 3522 2823 3604 viam
2862 3518 3260 3627 denique,
3318 3548 3477 3630 qua
3534 3521 3615 3603 in
3670 3521 3946 3626 lineis,
4005 3518 4119 3604 su-

1456 3636 1927 3763 perficiebus
1949 3699 1976 3740 ,
2032 3632 2451 3745 solidisque
2488 3632 2955 3743 corporibus
2994 3651 3203 3713 certa
3222 3635 3519 3721 ratione
3538 3656 3893 3716 centrum
3918 3633 4119 3716 illud

1402 3838 1416 3848 ,
1464 3747 1930 3861 mvestigare
1963 3745 2265 3833 liceret.
2330 3746 2573 3833 Unde
2611 3744 2941 3858 quidem
2969 3805 2988 3835 ,
3054 3768 3338 3852 praeter
3372 3742 3866 3855 voluptatem
3904 3745 4121 3829 inve·

1463 3860 1734 3943 niendi
1771 3887 1956 3971 quae
1995 3856 2334 3948 multum
2373 3856 2472 3938 ab
2489 3855 2657 3939 aliis
2678 3854 3005 3975 quaefita
3022 3854 3373 3955 fuerant,
3430 3854 4118 3969 cognoscendique

1466 3968 1551 4051 in
1618 3970 1738 4051 his
1795 3972 2017 4055 rebus
2081 3992 2377 4051 naturae
2434 3966 2646 4081 leges
2706 3968 3181 4079 decretaque
3218 4026 3244 4067 ‚
3318 3966 3737 4052 utilitatem
3795 3997 4121 4079 quoque

1463 4108 1636 4163 eam
1673 4084 1851 4193 cepi
1894 4140 1919 4179 ‚
1977 4085 2194 4193 cujus
2235 4084 2484 4194 gratia
2522 4076 3161 4193 primo'animum
3196 4080 3299 4163 ad
3338 4080 3507 4163 haec
3544 4075 4075 4191 a'pplicueram
4098 4138 4121 4179 ,

1464 4213 1772 4305 reperta
1827 4192 1967 4277 illa
2017 4193 2421 4308 horologii
2464 4193 2949 4303 temperandi
3004 4192 3303 4275 ratione
3356 4190 3570 4274 facili
3610 4202 3691 4275 &
3730 4194 4121 4303 expedita.

1466 4304 1815 4388 Accessit
1848 4328 2104 4391 autem
2145 4306 2302 4389 hoc
2344 4330 2719 4419 quoque,
2768 4302 3001 4415 quod
3020 4300 3269 4414 pluris
3304 4301 3749 4396 faciendum
3766 4304 4119 4409 arbitror,

1459 4436 1553 4501 ut
1611 4440 1889 4523 certae,
1951 4414 2408 4529 saeculisque
2462 4416 2829 4500 omnibus
2882 4416 3271 4501 duraturae
3318 4480 3345 4520 ‚
3420 4414 3786 4515 mensurae
3841 4414 4118 4497 defini·

1431 4529 1760 4612 'tionem
1803 4528 2431 4611 absolutiffimam
2472 4556 2614 4639 per
2651 4524 2820 4611 h'aec
2861 4530 3163 4611 tradere
3204 4526 3546 4635 possem3
3596 4527 3867 4640 qualis
3895 4526 4007 4611 est
4038 4558 4121 4608 ea

1467 4666 1650 4747 quae
1692 4640 1792 4724 ad
1835 4638 2068 4723 finem
2109 4640 2393 4723 horum
2437 4638 2738 4761 adjecta
2772 4641 3227 4749 reperietur.
3938 4636 4123 4723 DE-
