4517 5784
1391 389 1748 587 '18⁷2
2043 471 3392 586 DED-ICATIO·.
3840 502 3889 518 “

1380 639 1834 787 prodeffe
1892 640 2309 783 poffent.
2392 639 2703 744 Tunc
2754 640 3007 744 vero
3050 643 3441 778 optime
3464 675 3876 782 operam
3902 683 4065 756 me

1386 777 1906 902 collocasse
1963 779 2515 909 existimavi
2567 850 2595 900 ,
2688 812 2921 882 curn
2972 778 3073 880 in
3114 817 3232 884 ea
3286 781 3889 911 incidiffem,
3958 792 4069 896 in

1468 925 1762 1028 uibus
1815 922 2203 1034 utilitas
2249 955 2485 1022 cum
2542 917 3139 1023 inveniendi
3192 916 3839 1050 difficultate,
3940 965 4061 1033 ac

1388 959 1946 1166 pubtilitate
1987 1061 2323 1198 aliqua
2351 1127 2377 1178 ‚
2425 1057 2947 1193 conjuncta
2970 1055 3266 1162 foret.
3318 1062 3661 1193 ·Quod
3694 1063 4072 1170 ficom-

1386 1200 2064 1306 mendationis
2156 1197 2628 1302 nonnihil
2698 1198 3199 1302 accersere
3268 1203 3664 1304 muneri
3738 1201 4079 1312 nostro

1386 1343 2054 1481 permittitur,
2103 1374 2230 1444 ne
2259 1335 2660 1476 prorsus
2689 1335 3219 1474 indignum
3251 1366 3421 1442 tua
3448 1343 4069 1478 magnitudi—

1384 1519 1512 1584 ne
1539 1507 2070 1618 appareat3
2151 1513 2364 1581 non
2388 1476 2631 1581 alias
2661 1473 3115 1597 feliciuS,
3160 1513 3459 1616 quam
3488 1480 3591 1581 in
3618 1483 3815 1584 hoc
3844 1481 4076 1586 Ho-

1379 1619 1750 1755 rologii
1806 1620 2234 1724 invento
2284 1683 2312 1736 ,
2412 1642 2957 1753 utrumque
3034 1613 3289 1719 illud
3359 1651 3519 1722 me
3584 1619 4075 1726 consecu-
4206 1675 4212 1682 ·

1384 1785 1596 1861 tum
1652 1753 1832 1860 esse
1874 1753 2393 1895 profiteor.
2513 1753 2919 1860 Etenim
2958 1824 2986 1874 ‚
3056 1788 3291 1862 cum
3336 1790 3467 1860 ex
3510 1784 3793 1894 parte
3843 1791 4059 1870 me·-

1383 1895 1916 1998 chanicum
1971 1893 2091 1997 fit
2130 1897 2659 1999 inventurn
2700 1915 2931 2025 {eit
2969 1921 3249 2030 parte
3300 1892 3610 1998 altera
3642 1965 3673 2017 ‚
3748 1930 4073 2036 eaque

1209 2115 1218 2121 .
1378 2033 1708 2136 multo
1747 2034 2242 2171 praecipua
2275 2099 2301 2150 ‚
2364 2031 3019 2170 geometricis
3067 2031 3601 2172 principiis
3645 2033 4065 2162 constet3

1379 2171 1485 2274 id
1542 2169 1822 2309 quod
1867 2170 1996 2276 ad
2057 2171 2322 2273 hanc
2370 2170 2747 2273 attinet
2791 2237 2819 2287 ‚
2914 2173 3125 2273 non
3192 2169 3399 2278 levi
3470 2175 4001 2279 conamine
4038 2243 4077 2297 ‚

1375 2345 1506 2414 ex
1551 2312 1931 2416 intimis
1973 2310 2213 2411 artis
2259 2304 2788 2412 receffibus
2851 2305 3406 2441 petendum
3458 2307 3710 2446 fuit-z
3804 2309 4071 2417 adeo

1373 2445 1788 2584 quidem
1829 2519 1871 2565 i,
1961 2474 2076 2548 ut
2117 2447 2382 2548 inter
2430 2439 2766 2547 omnia
2812 2478 2859 2561 ,·
2941 2477 3157 2580 quae
3230 2442 3823 2578 impensiore
3867 2445 4062 2552 stu-

1099 2563 1110 2632 ³
1256 2705 1277 2722 .
1323 2703 1328 2708 ,
1377 2587 1552 2688 dio
1607 2585 2080 2688 haetenus
2132 2582 2945 2720 pertrafiiaverim
2996 2649 3024 2699 ‚
3118 2577 3388 2690 haud
3462 2579 3773 2690 dubie
3848 2588 4059 2722 pri-

1371 2757 1645 2824 mum
1713 2721 1952 2823 huic
2025 2720 2686 2858 speculationi
2754 2715 3089 2819 locum
3134 2718 3601 2822 tribuam.
3754 2725 4057 2856 Quae.-

1225 2939 1236 2954 .
1371 2871 1598 2962 iiam
1659 2895 1905 2961 vero
1957 2856 2258 2960 in'his
2326 2855 2442 2959 fit
2483 2856 2919 2976 utilitaS,
3012 2891 3220 2959 non
3262 2853 3405 2960 est
3448 2858 3733 2996 quod
3790 2862 4050 2964 mul-

1323 3001 1551 3126 τίς,
1624 2993 1852 3101 Rex
1900 2991 2662 3132 potentissime,
2746 2992 3265 3098 ostendere
3323 2994 3515 3099 tibi
3564 2993 4045 3103 laborem

1362 3133 1474 3237 N
1489 3171 1623 3238 on
1694 3133 2010 3237 solum
2073 3137 2347 3235 enim
2418 3128 2817 3234 diutina
2892 3129 3519 3266 experientia
3582 3169 4051 3273 comper-

1359 3306 1575 3375 tum
1630 3272 1990 3389 habes,
2061 3305 2188 3372 ex
2238 3303 2447 3407 quo
2494 3268 2785 3404 regiae
2830 3295 3019 3369 tuae
3060 3265 3745 3405 penetralibus
3789 3277 4048 3377 reci·
4202 3309 4211 3316 ·

1357 3415 1466 3550 pi
1516 3441 1963 3514 meruere
2017 3409 2572 3510 Automata
2617 3401 2937 3507 nostra
2972 3471 3000 3524 ,
3095 3411 3581 3544 quantum
3616 3478 3644 3528 ,
3714 3445 4046 3550 aequa-

1357 3550 1542 3652 bili
1588 3546 2098 3682 ‘horarum‘
2125 3539 2974 3648 demonstratione
3004 3612 3034 3663 ‚
3104 3547 3485 3648 caeteris
3520 3544 4041 3681 ‘hujusmo-

1357 3687 1467 3791 di
1535 3681 2445 3814 machinationibus
2512 3678 3018 3784 excellant
3068 3721 3090 3784 ε
3214 3681 3385 3788 sed
3434 3687 3535 3786 &
3582 3688 4039 3820 potiores

1353 3829 1580 3932 usus
1650 3855 2004 3929 eorum
2049 3893 2077 3943 ,
2199 3816 2758 3960 quibusque
2832 3821 3029 3956 jam
3098 3818 3335 3924 inde
3401 3822 3455 3924 a
3518 3825 4035 3962 principio

1347 3967 1604 4073 mihi
1667 3959 2144 4065 destinata
2191 3958 2530 4078 fuere,
2604 3993 2811 4059 non
2868 3959 3295 4099 ignoras.
3448 3959 3689 4068 Illos
3760 3959 4027 4068 scili-
4098 4055 4109 4064 .

1341 4133 1514 4213 cet
1563 4175 1590 4223 ‚
1661 4136 1920 4244 quos
1961 4103 2064 4202 δε
2112 4100 2218 4201 in
2264 4093 2823 4200 Caelestium
2872 4097 3751 4204 observationibus
3804 4171 3833 4218 ‚
3924 4107 4031 4208 δε
4076 4119 4081 4124 ’

1255 4357 1260 4365 ,
1341 4248 1454 4350 in
1529 4236 2399 4378 Longitudinibus
2474 4231 2931 4337 locorum
3013 4237 3277 4341 inter
3334 4237 4023 4377 navigandum

1213 4422 1218 4427 ·
1337 4377 2089 4497 dimetiendis'‚
2208 4367 2649 4512 praestare
2725 4399 2959 4510 apta
3028 4377 3281 4508 sunt.
3429 4373 3675 4480 Tuo
3744 4379 4023 4488 enim

1331 4519 1634 4660 juffu,
1708 4553 1920 4626 non
1967 4513 2266 4623 semel
2316 4584 2345 4639 ‚
2449 4547 2631 4664 per
2682 4545 2980 4621 mare·
3010 4515 3287 4622 vecta
3338 4508 3620 4622 fuere
3662 4513 4019 4760 Hloro-

1359 4713 1369 4723 ·
3787 4657 4017 4792 ogia
