4517 5784
1423 390 1577 522 21'2
1628 430 1647 443 ’
1689 420 2340 511 EXCERPTA
2381 420 2544 504 Ex
2587 391 3919 521 L1T.,CHRIST'.HUGEN11.

1408 568 1525 675 fit
1556 623 1577 663 ,
1636 580 1723 648 ut
1761 558 2259 643 deliberarent
2296 554 2480 641 de-eo
2504 552 3152 669 quodfaciendum
3173 556 3366 669 efflet.
3427 562 3576 646 Ubi
3597 572 3787 649 vero
3809 567 4138 681 vidtffeg-
4277 516 4296 585 ¹¹
4387 678 4389 685 Ι

1433 704 2047 797 commentarios,
2108 691 2207 787 ὁ·
2232 690 2767 805 ephemerides,
2793 724 2986 807 quas
3003 696 3163 802 illi,
3225 708 3364 813 qui.
3393 722 3783 813 preerant
3811 736 3851 819 3
3875 715 3972 793 iis
3991 740 4136 797 na.

1437 833 1667 917 vibus
1702 827 2190 946 proferebant
2231 879 2257 920 ,
2340 824 2437 919 ἐν
2505 830 3014 941 conjecturam
3078 834 3167 918 de
3226 828 3373 917 loco
3411 840 3678 950 inquo
3714 840 4131 954 versaban-

1445 992 1583 1059 tur
1609 1003 1637 1065 ;
1696 988 2013 1081 cumque
2044 958 2201 1084 post
2238 958 2496 1085 longas
2529 960 3154 1076 deliberationes,
3211 974 3888 1087 omnescenserent‚
3933 1005 4132 1097 prae..
4206 1062 4218 1069 .

1427 1104 1645 1217 stare
1704 1100 1806 1187 ad
1871 1093 2282 1181 Barbadas
2341 1097 2697 1208 trajicere
2737 1151 2764 1193 ‚
2853 1124 3088 1209 quam
3146 1128 3321 1189 oras
3379 1107 3684 1221 Africae
3741 1142 4140 1227 querere,

1450 1244 1637 1353 quia
1673 1248 1958 1317 ventus
1994 1226 2198 1339 longe
2237 1229 2462 1310 citius
2496 1250 2609 1307 eos
2643 1224 2822 1315 illuc
2863 1231 3328 1338 transferret
3372 1296 3402 1339 ,
3477 1240 3687 1329 dixit
3721 1246 3894 1332 ille:
3957 1258 4130 1343 Viri

1456 1373 1908 1486 computatio
1962 1360 2222 1476 vestra
2278 1387 2450 1451 cum.
2500 1362 2751 1475 nostra
2808 1374 3116 1454 minime
3156 1382 3512 1464 convenit
3550 1410 3586 1475 ;
3661 1410 3841 1470 nam
3857 1388 4118 1499 secun-

1466 1508 1648 1594 dum
1710 1490 2127 1618 Horologia
2208 1520 2371 1580 mea
2444 1500 2738 1611 proceffl'
2784 1557 2810 1597 ‚
2887 1502 3086 1587 unde
3160 1506 3508 1598 concludo
3546 1579 3573 1620 ,
3667 1544 3811 1601 vos
3869 1548 4122 1619 errare

1460 1659 1745 1740 omnes,
1778 1625 2187 1742 statuendo
2228 1653 2364 1711 nos
2399 1625 2636 1711 multo
2679 1624 2968 1741 longius
3008 1636 3485 1727 Occidentem
3523 1648 3793 1759 versus
3814 1650 4119 1768 effepro,

1444 1766 1726 1889 greffos
1745 1830 1771 1872 ‚
1791 1789 2025 1879 >quam
2047 1760 2605 1871 reverasumus-
2622 1826 2649 1868 ,
2709 1768 2932 1847 unius
2953 1789 3175 1851 error
3191 1766 3287 1877 est
3317 1801 3350 1855 1
3371 1802 3472 1857 ιο
3494 1767 3861 1865 milliaria
3879 1780 4114 1893 ,alius

1473 1934 1660 2011 100,
1702 1900 1903 1985 alius
1928 1905 2071 1991 80:
2106 1899 2381 1981 verum
2415 1900 2534 1981 ita
2573 1894 3007 2009 Horologiis
3045 1900 3329 2010 confido
3375 1924 3466 2015 ut
3489 1908 3632 1996 hac
3651 1917 3820 1999 vice
3839 1928 4108 2033 experi.

1463 2061 1801 2127 mentum
1817 2034 2083 2147 facere
2104 2030 2338 2114 velim
2365 2078 2391 2131 5
2451 2058 2631 2117 nam
2650 2031 3071 2144 secundum
3108 2063 3349 2125 meam
3369 2057 3996 2161 computationem
4011 2061 4118 2141 in·

1446 2164 1771 2288 suladel
1791 2164 2034 2276 Fuogo
2080 2165 2301 2283 (quae
2324 2186 2474 2244 una
2496 2161 2593 2273 est
2613 2188 2706 2246 ex
2728 2162 4127 2295 insulisCapoverdaeseu'promontorii

1465 2311 1818 2428 Hesperii
1836 2316 1927 2419 ,J
1988 2334 2133 2391 non
2168 2304 2380 2423 ultra
2429 2336 2532 2417 30
2567 2307 2930 2397 milliaria
2965 2342 3013 2398 a
3055 2313 3260 2400 nobis
3297 2316 3489 2431 abest
3525 2352 3562 2416 ,·
3641 2324 3768 2408 Ibi
3795 2331 4004 2414 nobis
4035 2362 4125 2419 a·

1466 2474 1700 2563 quam
1722 2440 2115 2557 poffumus
2150 2464 2424 2523 curare
2465 2497 2490 2538 ,
2575 2440 2674 2537 &-
2725 2468 2802 2525 eo
2839 2446 3152 2555 cursum.
3192 2447 3512 2561 dirigere
3547 2457 3889 2570 constitui
3925 2494 3957 2554 ;
4035 2469 4126 2552 Si

1457 2608 1657 2669 vera
1717 2579 1813 2689 est
1872 2579 2335 2687 computatio
2372 2631 2399 2672 ,
2480 2575 3235 2690 multum-prestabit
3269 2588 3476 2671 nobis
3517 2589 3711 2677 hanc
3753 2599 3971 2679 viam
4011 2604 4118 2684 in-

1436 2719 1706 2827 gredi,
1771 2741 1999 2829 quam
2039 2740 2087 2796 a
2128 2709 2344 2792 vobis
2387 2709 2735 2824 ostenfitm
2776 2744 2809 2805 ;
2895 2715 3010 2819 sen
3052 2724 3392 2805 evenerit
3431 2720 3664 2811 aliter
3704 2784 3731 2826 ,
3815 2730 4122 2820 biduum

1452 2872 1767 2943 tantum
1797 2850 2300 2961 producemus
2337 2854 2911 2958 navigationem
2951 2910 2981 2951 ‚
3037 2853 3390 2967 satisque
3426 2886 3648 2975 aquae
3686 2868 4129 2979 interimfie.

1436 2986 1745 3095 pererit
1782 3046 1810 3086 ,
1886 2998 1978 3061 ut
2031 2977 2440 3087 Barbadas
2459 2986 3013 3090 perveniamus
3047 3015 3081 3079 ;
3163 2994 3522 3100 quoniam
3559 3010 3792 3081 tanta
3831 3004 4018 3086 mihi
4052 3012 4134 3100 in

1451 3121 1655 3211 navi,
1702 3116 1911 3224 copia
1972 3110 2068 3225 est
2110 3170 2136 3211 ,
2216 3135 2306 3196 uc
2362 3113 2580 3197 vobis
2639 3115 3018 3227 defectum
3069 3122 3400 3233 vestrum
3417 3128 3776 3241 supplere
3811 3165 4076 3251 queam
4099 3178 4132 3239 ;

1454 3248 1781 3335 Addens
1806 3271 2025 3360 quem
2071 3245 2371 3356 cursum
2407 3265 2654 3333 tenere
2690 3247 2924 3359 vellet
2954 3310 2983 3353 ,
3079 3256 3494 3344 mandavit
3525 3266 4138 3384 utfiquerentur

1454 3382 1695 3497 ipsum
1735 3384 2010 3463 caeteri.
2072 3379 2377 3493 Postero
2422 3407 2636 3465 mane
2679 3383 3121 3497 detegebant
3159 3390 3496 3504 infidam.
3521 3396 3642 3481 del
3675 3402 3974 3517 Fuogo‚
4043 3412 4137 3512 &-

1467 3533 1883 3627 opportuno
1920 3512 2094 3598 illuc
2131 3514 2518 3602 advenere
2559 3538 2887 3631 tempore
2929 3590 2954 3630 ‚
3013 3530 3135 3606 uti
3137 3528 3628 3637 praedixerat
3653 3570 3680 3619 .·
3747 3541 4002 3655 Cogor
4019 3549 4144 3632 hic

1466 3648 1781 3757 definere
1800 3709 1827 3751 ‚
1905 3658 2597 3737 communicaturus
2634 3676 2879 3773 tecum
2918 3657 3247 3773 reliquos
3282 3691 3528 3749 omnes
3571 3670 3782 3785 casus
3803 3680 4156 3785 peculia.

1464 3810 1631 3894 res,
1690 3812 1872 3900 quos
1886 3784 2209 3899 scriptis
2244 3788 2613 3901 mandare
2634 3793 2985 3909 promisti*
3011 3853 3040 3899 ,
3090 3809 3654 3921 quamprimum
3689 3806 3846 3901 illos
3863 3816 4158 3913 nactus

1450 3920 1709 4035 fuero,

1584 4170 1821 4259 Nota
1844 4235 1885 4278 ,‚
1940 4173 2108 4257 haec
2149 4176 2603 4293 Horologia
2643 4182 2863 4268 fuisse
2898 4214 2998 4269 ex
3039 4191 3296 4299 primo
3333 4192 3884 4303 Pendulorum
3920 4232 4166 4326 gene»

1390 4428 1417 4436 ἡ
1470 4334 1552 4401 te
1572 4360 1600 4409 ,
1656 4334 1801 4405 nec
1840 4334 2001 4397 tam
2037 4312 2316 4401 exasta
2354 4336 2597 4436 quam
2635 4322 3090 4440 recentiora2
3476 4354 3485 4357 ·

3949 4592 4170 4705 ΕΧἶ

2639 4688 2692 4725 Q
