4517 5784
355 1509 364 1516 ’
503 1499 677 1606 ‚visa
697 1499 845 1586 est.
971 1523 1024 1584 n

1055 429 2629 534 1÷H:OR‘OLOGIU'M.·
3148 495 3201 578 9

513 613 776 728 'parvo
823 607 908 690 in
963 603 1294 690 'circello
1331 604 1645 719 fingula'
1671 603 1925 719 prima
1963 603 2329 720 scrupula
2360 607 2870 722 distinguens.
2908 611 2915 620 ’
2994 615 3191 704 Hoc

513 726 714 811 vero
751 719 1100 831 superior
1133 715 1379 802 index
1415 715 1783 824 horarum
1821 731 1894 802 A
1932 719 2427 802 convertitur
2466 751 2513 801 :-
2584 730 2664 803 &
2704 720 2784 804 su
2794 751 2935 835 pra
2971 726 3185 816 hunc

515 836 862 946 denique
903 842 976 919 Σ
1017 831 1264 914 index
1284 893 1313 933 ,
1367 854 1610 940 quem
1647 827 1873 932 dixi,
1929 826 2473 936 secundorum.
2600 835 2809 915 Haec
2866 858 3127 924 autem
3150 906 3183 948 ,
3226 889 3253 901 ψ

516 947 634 1028 uti
674 955 758 1030 &
796 967 1358 1057 tympanorum
1395 942 1750 1022 omnium
1801 939 2213 1052 dispofitio
2247 971 2341 1026 ac
2374 944 2730 1028 dentium
2768 973 3133 1034 numerus
3154 1010 3185 1054 ,
3226 989 3233 998 ·

509 1085 698 1142 cum
755 1053 1248 1140 multimodis
1303 1053 1580 1137 variari
1631 1050 1924 1162 possint
1966 1105 1997 1148 ,
2083 1080 2230 1135 nos
2266 1054 2479 1138 hunc
2514 1083 2761 1138 unum
2794 1059 2879 1139 in
2918 1089 3179 1146 exem-

509 1169 744 1279 plum
801 1193 1244 1278 proponere
1281 1165 1456 1246 satis
1495 1161 1910 1248 habuimus
1949 1221 1978 1263 ,
2050 1193 2404 1276 eumque
2434 1173 2925 1276 experientia
2958 1203 3173 1258 com-

507 1282 955 1392 probatum.
1017 1277 1304 1386 Itaque
1343 1284 1424 1360 δε
1465 1276 1830 1368 dentium
1867 1275 2457 1380 multitudinem
2498 1280 2577 1359 in
2612 1282 2939 1392 fingulis
2970 1302 3177 1397 tym-

510 1393 739 1499 panis
776 1383 1346 1580 defilgnabimus
1362 1450 1392 1494 ‚
1445 1414 1616 1495 eam
1655 1415 1834 1498 quae
1873 1387 2062 1490 huic
2099 1385 2369 1472 formae
2410 1390 2715 1501 optime
2755 1399 3177 1483 convenire

585 1501 598 1515 “
1059 1496 1688 1583 circumferentia
1723 1518 2070 1582 rotarum
2105 1495 2589 1612 lingularum
2624 1502 2695 1584 E
2736 1501 2827 1585 H
2868 1505 3178 1617 septua,

371 1643 386 1652 ·
508 1615 698 1722 geni
754 1611 920 1695 bini
961 1607 1140 1693 sunt
1179 1672 1209 1715 ‚
1277 1608 1439 1693 seni
1491 1610 1576 1693 in
1636 1630 1806 1723 tym
1865 1612 2030 1692 anis
2091 1609 2174 1690 G
2235 1617 2319 1694 δε
2376 1610 2485 1694 Κ.
2561 1634 2733 1696 rota
2776 1614 2845 1695 L
2884 1621 3215 1731 viginti.

511 1720 1141 1833 quinquehabet
1175 1785 1205 1826 ,
1279 1741 1752 1833 tympanum
1787 1637 1876 1804 ὃ
1911 1720 2212 1804 decem.
2290 1745 2469 1805 rota
2506 1723 2569 1804 P
2611 1726 2909 1836 viginti
2940 1764 3001 1825 ,-·
3040 1735 3188 1816 vel·
3288 1741 3295 1748 ’

513 1852 826 1918 tantum
861 1837 1162 1944 βαι-ψει
1193 1833 1482 1916 horum
1515 1833 1856 1942 aliq'uam
1899 1896 1926 1936 ,
1997 1831 2196 1941 quia
2215 1897 2242 1938 ‚
2293 1854 2385 1915 ut
2419 1834 2643 1938 dixi,
2699 1857 2946 1920 totam
2980 1841 3173 1927 den-

513 1943 730 2028 tibus
765 1945 1084 2028 insecari
1119 1941 1326 2027 nihil
1361 1970 1570 2054 opus
1606 1941 1743 2027 est.
1804 1941 2150 2026 Penduli
2169 1943 2597 2056 longitudo
2638 1947 2689 2028 S
2710 1947 2775 2031 ·I
2822 1950 2904 2030 T
2946 1955 3173 2062 pedis

513 2055 1114 2140 Rhenolandici
1135 2119 1164 2159 ,
1191 2054 1366 2166 ‚qui
1396 2055 1502 2138 ‘ad
1543 2057 2000 2139 Romanum
2041 2073 2389 2138 veterem
2426 2059 2783 2163 proxime
2818 2065 3125 2146 accedit
3140 2130 3170 2170 ,

511 2167 982 2250 dextantem
1021 2167 1328 2250 circiter
1361 2186 1632 2277 aequat
1649 2230 1676 2271 ‚
1733 2173 1812 2250 &
1855 2167 2150 2274 cuique
2185 2165 2606 2248 vibrationi
2646 2167 2986 2279 simplici
3022 2176 3177 2258 im.

504 2278 802 2388 pendit
833 2277 1184 2362 semiscru
1247 2276 1474 2360 ulum
1511 2276 1970 2361 secundum:
2036 2275 2142 2358 ad
2179 2303 2423 2386 quam
2464 2277 2689 2360 mens
2678 2307 2889 2364 uram
2918 2285 3175 2371 obser·
3210 2361 3218 2368 .

509 2388 976 2474 vatiom‘bus.
991 2455 1000 2464 .
1014 2388 1120 2472 ad
1173 2307 1424 2508 Elem·
1472 2385 1612 2471 vel
1658 2389 1762 2472 ad
1797 2385 2016 2470 aliud
2057 2387 2288 2496 hujus
2331 2389 2631 2498 generis
2666 2390 3172 2508 horologium

509 2501 980 2613 comparatis
1019 2527 1180 2583 non
1218 2496 1547 2582 difficile
1585 2500 2067 2610 perducitur.
2156 2497 2313 2582 .Ea
2368 2499 2795 2606 longitudo
2830 2509 3025 2588 rotis
3062 2510 3209 2591 ita.

506 2612 892 2696 ordinatis
933 2612 1346 2720 convenit:
1407 2618 1490 2694 ὃ(
1527 2607 2006 2720 exquisitam
2043 2628 2301 2692 motus
2342 2609 2873 2720 aequalitatem
2896 2677 2923 2718 ‚
2959 2643 3181 2726 quae..

507 2745 676 2830 que
745 2723 982 2809 etiarn
1055 2719 1622 2805 Astronomicis
1696 2719 1952 2804 ufibus
2024 2717 2362 2806 sufficiat
2396 2784 2421 2823 ,
2518 2719 2877 2828 praestare
2934 2728 3169 2814 valet.

508 2833 772 2944 Qiod
808 2833 868 2916 fi
902 2831 1162 2918 tamen
1183 2831 1738 2916 concinnitate
1775 2831 2055 2942 operis·
2073 2829 2393 2942 insuper
2428 2829 2691 2916 habita
2728 2898 2753 2937 ,
2826 2839 3202 2946 quadru-.

505 2945 656 3056 plo
693 2946 936 3072 majus
958 2941 1408 3071 ‚pendulum
1443 2940 1904 3025 adhibeatur
1924 3007 1951 3046 ,
2005 2937 2140 3026 vel
2178 2941 2384 3023 ultra
2403 2943 2635 3026 etiam
2656 2947 3174 3052 producatur,
3341 3010 3347 3017 -

508 3056 710 3138 rotis
749 3077 1064 3140 interim
1104 3053 1538 3162 majoribus.
1562 3059 1893 3163 quoque
1935 3051 2372 3160 adsumptis
2398 3115 2422 3154 ,
2475 3049 2693 3136 haud
2722 3055 2966 3139 dubie
3005 3059 3171 3142 len-

507 3165 844 3250 tior-ib'u's
883 3162 1514 3249 oscillationibus
1543 3163 1792 3246 tutius
1831 3163 2067 3244 etiam
2101 3159 2467 3271 fidemus.
2540 3161 2649 3246 Et
2678 3165 2839 3272 jam
2880 3166 2963 3250 in
3006 3196 3173 3254 ma·

505 3279 688 3389 gnis
727 3277 1074 3390 publicis
1111 3271 1440 3358 Horolo
1503 3273 1590 3356 ”s
1628 3336 1656 3379 ,
1732 3273 2057 3386 egregio
2109 3269 2450 3355 success‘u
2492 3337 2517 3376 ,
2605 3277 3177 3388 perpendicula

503 3388 894 3499 ejusmodi
934 3385 1341 3499 praelonga
1462 3385 1722 3498 urpari
1757 3383 2099 3468 vidimus
2143 3445 2168 3486 ,
2241 3381 2433 3484 alibi
2463 3384 2929 3494 duodecim‘³
2966 3390 3177 3499 ,alibi

507 3493 2739 3716 gssiffffififfigndffid²ffiessaesffiff‘²oissa‘'3232‘'
2776 3498 3177 3723 ”¹32²ss

2742 3665 2771 3706 2
3284 3699 3287 3702 .

503 3727 838 3834 quidem
873 3786 902 3828 ,
971 3741 1148 3804 rota
1191 3717 1256 3800 E
1303 3717 1540 3806 semel
1575 3717 2041 3802 circumita-a
2079 3777 2105 3820 ‚
2180 3733 2185 3738 ’
2235 3715 2599 3802 uodecies
2641 3725 3009 3816 converti
3046 3751 3178 3807 ro.

504 3857 676 3919 tam
718 3835 834 3918 H:
869 3833 1184 3916 ·centies
1221 3855 1416 3913 vero
1451 3828 1914 3941 quadragies
1955 3835 2036 3912 &c
2078 3844 2359 3936 quater
2387 3851 2561 3909 eam
2661 3855 2781 3911 uae
2824 3829 3175 3942 sequitur

509 3945 618 4029 L.
673 3949 881 4054 Qae
917 3951 1106 4027 cum
1140 3941 1414 4026 dentes
1463 3965 1553 4046 25
1602 3939 1876 4024 habeat
1898 3994 1926 4037 ,
1987 3939 2196 4047 3600
2233 3936 2539 4034 vicibus
2560 3966 2603 4020 a
2635 3941 3003 4028 ternatim
3020 3945 3173 4034 im..

505 4055 750 4172 pellit
785 4054 1126 4140 lamellas
1165 4051 1300 4140 M:
1337 4051 1456 4136 Ν.
1497 4077 1590 4134 ac
1626 4043 1960 4135 totidem
1999 4046 2347 4133 recursus
2388 4047 2751 4158 duplices
2770 4049 2958 4136 facit
2983 4085 3193 4169 pen-,

402 4173 412 4177 ’
505 4167 800 4254 dulum
842 4168 896 4250 S
935 4167 979 4250 I
1018 4163 1140 4248 T:
1226 4159 1611 4274 Cumque
1654 4165 1861 4272 3600
1903 4157 2283 4271 scrupula·
2301 4157 2637 4263 secunda
2670 4226 2701 4265 ‚
2769 4161 2970 4256 hora
3012 4172 3179 4256 una

505 4279 1058 4366 contineantur
1082 4315 1122 4374 ·;
1199 4272 1394 4360 hinc-
1421 4273 1684 4360 horae.
1720 4273 1973 4385 spatio
2029 4291 2232 4360 rota.
2257 4269 2329 4354 Ε
2358 4269 2603 4358 semel
2646 4296 3171 4366 convertetur,

515 4388 1050 4498 Qnamobrm
1085 4393 1167 4472 &
1209 4382 1548 4472 circulus
1584 4383 1832 4468 indici
1872 4399 1949 4469 Ψ
1989 4379 2373 4492 subjeElzus
2394 4381 2495 4466 ‘in
2536 4385 2646 4470 60
2680 4405 2937 4497 partes
2958 4389 3173 4474 divi.

509 4501 735 4588 ditur
771 4563 800 4608 ,
885 4507 1068 4615 qux
1109 4498 1364 4633 pri-ma
1395 4493 1758 4614 scrupula
1789 4491 2249 4612 fignificent.
2321 4493 2586 4693 13Rota
2622 4518 2819 4584 vero
2848 4497 2941 4584 H
2982 4501 3174 4694 guia

530 4673 548 4682 -
693 4671 702 4680 -
3042 4631 3183 4695 uo-
