4517 5784
1109 454 1287 543 DE
1379 450 1671 547 Usu
1766 446 2534 543 HOROLOG;
3003 448 3230 583 197·

487 594 675 677 dius
705 620 808 681 ex
849 592 1180 681 adverso
1223 624 1265 680 2
1308 593 1626 677 filorum
1650 591 2157 704 conspicitur.
2217 590 2426 677 Dein
2449 588 2634 707 post
2651 594 2970 711 aliquot
2983 604 3152 689 dies
3252 684 3276 697 r

490 704 921 793 observatio
980 706 1236 791 rursus
1290 707 1575 789 eodem·
1633 704 1875 789 modo
1938 702 2053 787 est
2106 698 2632 821 instituenda,
2703 712 2840 797 ubi
2891 710 3152 801 sorex

482 816 813 903 adverso
870 818 1191 903 filorum
1244 818 1587 902 cernitur
1623 879 1654 920 ,
1744 822 1827 899 ὅτ
1866 814 2213 900 fimili-ter
2249 818 2598 902 notanda
2635 820 2829 907 hora
2885 828 3146 913 minu-

484 947 566 1009 ta
606 934 690 1013 ὃς
732 929 1075 1017 secunda
1114 924 1709 1039 horologiorum
1727 978 1755 1023 ,
1795 928 2089 1036 quibus
2130 924 2334 1009 adde
2391 934 2920 1039 aequationem
2976 941 3152 1049 ejus

366 1038 408 1079 ·“
478 1037 641 1122 diei
676 1063 1129 1153 excerptam
1164 1068 1271 1123 ex
1310 1034 1621 1120 Tabula
1639 1093 1669 1135 ,
1726 1044 1811 1118 &
1853 1034 1911 1116 fi
1950 1058 2470 1153 aggregatum
2503 1043 2777 1129 exacte
2813 1074 3146 1161 compo·

384 1192 398 1199 -
480 1172 619 1233 nat
666 1178 761 1235 12
806 1152 1032 1239 horas
1076 1146 1393 1233 Horolo
1456 1150 1617 1231 ium
1644 1147 1751 1233 ad
1786 1146 2077 1232 rectam
2109 1150 2540 1235 mensuram
2583 1162 3142 1245 accommoda.

476 1279 653 1345 tum
684 1261 818 1345 est.
922 1262 1009 1347 Si
1046 1287 1241 1345 vero
1276 1174 1594 1345 differat
1628 1257 2063 1342 dividenda
2094 1257 2272 1340 sunt
2313 1260 2620 1345 minuta
2657 1274 2742 1351 δε
2801 1266 3138 1357 fecunda

473 1365 695 1455 istius
731 1371 1191 1457 differentiae
1213 1426 1245 1471 ,
1298 1397 1441 1483 per
1473 1394 1887 1454 numerum
1922 1370 2225 1453 dierum
2265 1369 2470 1453 inter
2525 1392 2935 1490 utramque
2992 1384 3136 1467 ob.

467 1476 1013 1582 servationem,
1068 1484 1173 1567 ad
1204 1480 1713 1565 obtinendam
1749 1480 2294 1592 quotidianam
2329 1478 2880 1574 differentiam.

592 1593 1138 1789 Supponamus
1190 1592 1392 1675 hanc
1442 1590 1861 1677 secundam
1901 1589 2521 1677 observationem
2559 1597 2727 1683 fieri
2765 1625 2888 1709 30.
2915 1600 3140 1687 Mar-

467 1698 563 1784 tii
596 1702 703 1789 sci
815 1706 1007 1789 οᾶο
1056 1703 1333 1789 diebus
1391 1697 1571 1814 post
1626 1702 1957 1815 primam
1996 1708 2083 1787 δε
2138 1704 2668 1815 comperiatur
2709 1712 3139 1797 medietate

460 1808 649 1899 solis
689 1814 853 1899 visa
870 1818 953 1898 in
990 1813 1425 1903 meridiano
1458 1834 1569 1895 ex
1596 1810 1925 1899 adverso
1967 1842 2013 1897 2
2051 1812 2400 1913 filorum,
2515 1830 2586 1903 h.
2748 1856 2839 1908 m.
2986 1836 3060 1934 s:
3145 1878 3152 1885 ·

456 1917 971 2039 horologium
1008 1924 1355 2009 indicare
2525 1952 2562 2009 1
2583 1954 2647 2010 1.
2761 1954 2801 2039 ς
2833 1958 2892 2014 ι.
3005 1958 3082 2045 7.

577 2034 976 2149 AEquatio
1018 2062 1144 2149 30.
1186 2033 1483 2121 Martii
1506 2034 1593 2116 in
1628 2031 1894 2119 tabula
1926 2031 2043 2121 est
2555 2068 2637 2122 o.
2761 2070 2883 2126 10.
2995 2056 3140 2157 4.o÷.⁸
3253 2084 3266 2095 ·
3423 2050 3447 2072 ”

569 2148 785 2259 Qae
822 2148 1095 2233 addita
1128 2147 1344 2231 horae
1380 2142 1697 2229 ostensae
1718 2172 1863 2259 per
1880 2143 2402 2259 horologium-

796 2258 997 2343 aebet
1032 2259 1423 2343 summam
2519 2282 2640 2342 12.
2813 2286 2882 2343 1.
2993 2285 3133 2370 47.

570 2366 662 2455 Si
752 2396 865 2453 aec
912 2368 1213 2451 summa
1246 2369 1521 2451 exacte
1554 2360 1819 2447 fin'ss‘et
1848 2390 1947 2448 ιτ
1975 2365 2343 2452 horarum
2365 2423 2398 2468 ,
2449 2366 2958 2495 horologium
3011 2398 3136 2459 re·

452 2479 587 2567 ste
620 2476 1091 2587 dispositum
1121 2474 1438 2578 fiiiss‘et,
1462 2477 1597 2557 sed
1614 2500 1799 2553 cum
1811 2480 2147 2585 excedat
2174 2506 2295 2559 12.
2315 2478 2544 2561 horas
2571 2506 2636 2559 1.
2655 2501 2965 2564 minuto
2990 2508 3130 2589 47.

460 2588 827 2675 secundis
869 2646 891 2679 ,
972 2604 1201 2668 tanto
1257 2584 1493 2665 citius
1545 2598 2013 2692 promotum
2068 2582 2225 2667 fuit
2279 2586 2536 2697 spatio
2590 2585 2894 2671 offidui
2934 2637 2961 2691 3
3037 2600 3126 2673 δε
3303 2618 3313 2621 ·

450 2701 613 2786 hoc
666 2728 693 2781 1
740 2699 1131 2781 minutum
1174 2701 1257 2779 δε
1296 2716 1402 2801 47
1428 2689 1810 2795 secunda,
1865 2710 2003 2775 aut
2052 2718 2204 2799 107
2249 2696 2633 2802 secunda,
2688 2698 2942 2783 divisa
2979 2728 3126 2811 per

451 2814 532 2896 8.
552 2806 911 2895 efficiunt
938 2832 1061 2916 13.
1107 2804 1673 2896 {secundorum
1697 2865 1725 2907 ‚
1778 2798 2301 2889 differentiam
2321 2806 2403 2889 in
2423 2805 2682 2919 spatio
2700 2835 2822 2917 ²4·
2880 2810 3114 2897 hora-

447 2948 650 3005 rum.
714 2920 907 3035 Qia
944 2914 1395 3001 differentia
1428 2914 1754 3027 cognita
1773 2967 1805 3012 ‚
1878 2913 1936 2996 fi
1974 2941 2133 2997 non
2172 2920 2426 3001 otium
2460 2946 2604 3001 nec
2645 2922 2948 3007 animus
3008 2921 3110 3007 fit:

444 3028 925 3143 suscipiendi
961 3024 1387 3110 molestiam
1404 3048 1495 3110 ut
1515 3024 1933 3137 adaptetur
1948 3022 2460 3139 horologium
2480 3027 2583 3111 ad
2606 3056 2869 3113 veram
2891 3060 3112 3118 men·

448 3140 705 3225 suram
723 3204 755 3247 ‚
785 3134 1081 3224 necesse
1118 3136 1272 3221 hoc
1310 3164 1477 3221 non
1509 3132 1623 3220 est
1642 3181 1668 3235 3
1726 3136 1847 3217 ita.
1868 3135 2075 3217 enim
2110 3135 2193 3217 in
2236 3139 2500 3220 navim
2539 3138 2822 3223 inferre
2857 3142 3050 3227 licet
3067 3200 3099 3241 ,

442 3253 693 3338 modo
730 3247 1111 3365 praedicta
1143 3247 1613 3358 quotidiana
1648 3242 2097 3329 differentia
2128 3268 2584 3345 annotetur,
2671 3259 2756 3337 δε
2794 3253 2899 3336 ad
2925 3280 3102 3338 eam

434 3384 749 3451 nosmet
786 3384 1351 3471 componamus
1408 3378 1501 3441 ut
1540 3352 1795 3439 statim
1829 3356 2161 3441 dicetur.
2309 3353 2320 3368 '

556 3472 716 3558 Sed
736 3470 795 3553 fi
809 3469 1243 3554 accuratius
1264 3466 1804 3582 Horologium
1819 3466 2231 3581 disponere
2248 3472 2624 3564 velimus,
2677 3478 3097 3560 removen..'

425 3586 621 3670 dum
637 3578 754 3663 est
768 3581 1023 3663 minus
1044 3578 1360 3691 pondus
1382 3577 1714 3693 penduli
1734 3604 2155 3690 parumper
2168 3582 2560 3692 deorsum,
2600 3614 2770 3698 quo
2785 3586 3091 3671 tardius

423 3690 913 3782 movebitur:
974 3694 1055 3772 δε
1092 3708 1267 3773 tum
1305 3690 1405 3775 de
1442 3716 1658 3775 novo
1688 3688 2131 3777 observatio
2277 3720 2314 3775 r
2345 3695 2588 3779 solem
2611 3695 3084 3780 instituenda

420 3803 539 3893 est
572 3823 665 3888 ut
705 3820 932 3885 antea
951 3844 981 3899 5
1032 3794 1092 3880 fi
1129 3798 1355 3883 tarde
1392 3802 1623 3883 nimis
1660 3820 1969 3885 motum
2024 3798 2149 3883 fu*
2204 3822 2288 3885 et
2320 3859 2357 3902 „
2418 3804 2648 3916 supra
2705 3832 3082 3889 memora-

422 3939 603 4003 tum
712 3908 1029 4023 pondus
1164 3936 1532 4023 arumper
1632 3905 1931 4006 sursum
2012 3916 2636 4019 promovendum
2727 3912 2990 4001 fuiss'et
3043 3968 3081 4014 ,

420 4034 537 4117 ita
568 4044 828 4108 tamen
849 4085 878 4127 ,
932 4046 1033 4103 ne
1102 4046 1300 4131 upra
1337 4018 1721 4134 punctum
1740 4019 2088 4105 medium
2120 4022 2456 4131 penduli
2495 4046 3079 4139 promoveatur.

417 4143 518 4229 ea
556 4131 861 4261 quippe
898 4130 1190 4245 gaudet
1234 4131 1743 4243 proprietate,
1780 4132 2011 4241 quod
2048 4130 2235 4217 inde
2271 4132 2562 4221 sursum
2615 4158 3080 4251 promotum

412 4244 649 4339 horol
760 4270 924 4327 xum
976 4241 1261 4326 lentius
1314 4242 1597 4329 iterum
1634 4261 2105 4354 promoveat
2140 4298 2173 4343 ,
2244 4250 2470 4354 cujus
2527 4252 2640 4334 rei
2674 4252 2758 4334 in
2789 4250 3078 4335 descri-
3197 4316 3208 4323 -

414 4364 695 4485 ptione
806 4350 1147 4463 orologii
1162 4350 1397 4435 datur
1412 4350 1965 4437 demonstratio
1986 4354 2087 4454 *ς
2141 4378 2237 4439 ut
2275 4364 2360 4439 &
2379 4388 2444 4443 ae
2509 4364 2842 4449 nationis
2876 4384 3070 4447 tcm-
3091 4388 3124 4423 ¹·
3152 4389 3280 4441 vtae
3321 4395 3400 4449 sn-

416 4470 633 4595 poris
650 4530 680 4576 ‚
732 4466 959 4583 cujus
993 4462 1499 4586 {olummodo
1532 4462 1665 4549 hic
1700 4462 2365 4663 docemusBugum.
2445 4387 2740 4563 §taeter
2775 4494 3071 4672 certam
3088 4465 3168 4515 μ’
3181 4466 3271 4521 ⁹²⁸
3295 4470 3408 4524 ¹⁷⁸·

632 4644 643 4653 =
2270 4604 2314 4694 3
2998 4608 3084 4667 e·
