4517 5784
820 457 1596 571 HoR'oLoG.
1712 476 2783 571 OSCILLATOR..
2916 420 2924 457 ²
3018 488 3131 600 ες·

409 624 726 740 insuper
764 620 878 708 est
921 639 1297 737 tangente
1337 622 1422 709 V
1467 620 1522 707 S
1563 618 1592 727 ,'
1665 618 2200 732 omnibusque
2262 620 2617 734 partibus
2670 620 2826 705 suis
2860 626 3106 737 magis
3132 638 3406 749 nnc-02·
3448 660 3465 697 ε

400 740 722 825 erectus
753 762 1000 849 quam
1037 731 1206 819 ulla
1247 763 1440 847 pars·
1467 735 1860 847 tangentis
1909 732 1985 818 V
2031 736 2107 818 S.
2187 736 2421 819 Adeo
2452 755 2544 817 ut
2579 736 2913 818 omnino
2946 764 3105 818 ma·-
3128 712 3352 823 ἒῖοιέἱ,

395 855 526 963 jus
567 848 664 935 fit
697 847 1066 935 flaturum
1103 866 1418 961 tempus
1457 872 1599 957 per
1635 866 2090 959 tangentem
2129 848 2214 935 V
2255 849 2309 931 S
2350 874 2535 928 cum
2575 848 2966 931 celeritate
2998 876 3104 933 ex

407 964 480 1048 B
521 958 626 1063 S,
657 985 1041 1076 tempore
1083 988 1230 1073 per
1267 982 1537 1073 arcum
1573 959 1644 1043 B
1687 960 1740 1043 S
1849 956 1971 1042 ost
2013 960 2106 1045 N
2149 956 2248 1043 B.
2364 961 2746 1047 Similiter
2784 983 3103 1074 tempus

399 1103 548 1189 per
583 1076 1045 1188 tangentem
1085 1074 1190 1157 M
1229 1071 1318 1155 T
1356 1136 1385 1177 ,
1441 1094 1644 1158 ‘cum
1703 1100 1800 1161 ce
1827 1070 2267 1156 eritateex
2310 1073 2378 1157 B
2422 1072 2511 1155 T
2552 1131 2581 1173 ‚
2656 1078 2898 1185 majus
2940 1078 3091 1161 erit

405 1210 760 1301 tempore
801 1215 942 1299 per
980 1210 1249 1269 arcum
1292 1186 1343 1269 S
1388 1184 1474 1267 T
1515 1182 1696 1298 post
1739 1185 1938 1269 NS
1969 1250 1998 1292 ‚
2075 1194 2158 1274 &
2216 1205 2531 1295 tempus
2585 1216 2727 1299 per
2764 1211 3095 1301 tangen-
3160 1254 3165 1257 -

397 1321 566 1383 tem
603 1314 674 1383 [1
724 1301 797 1383 Y
840 1325 1030 1383 cum
1069 1296 1471 1387 celeritate
1507 1322 1614 1385 ex
1654 1298 1724 1381 B
1764 1298 1894 1403 Y,
1965 1301 2206 1407 majus
2242 1318 2599 1409 tempore
2636 1331 2778 1413 per
2817 1330 3088 1385 arcum
3130 1390 3135 1395 ,

399 1412 494 1495 Τ
539 1410 622 1493 Υ
664 1408 840 1523 post
885 1412 978 1495 N
1025 1406 1142 1493 T.
1256 1412 1530 1521 Atque
1587 1412 1701 1493 ita
1764 1426 2121 1522 tempora
2177 1432 2541 1494 motuum
2578 1412 3088 1523 aequabilium

401 1551 552 1636 per
605 1544 739 1605 tan
797 1543 1015 1607 entes
1074 1548 1348 1623 omnes
1405 1550 1662 1633 usque
1719 1523 1826 1605 ad
1872 1522 2224 1607 infimam
2268 1550 2448 1633 quae
2492 1530 2751 1636 tangit
2789 1527 3085 1639 cycloi-
3138 1544 3151 1551 ·

403 1636 588 1719 dem
625 1635 712 1716 in
744 1551 871 1733 ἓ,
951 1634 1706 1720 cum-celeritatibus
1743 1662 1885 1747 per
1923 1633 2263 1745 fingulas
2303 1656 2621 1746 quantae
2658 1640 3119 1748 acquirun-³

405 1750 533 1829 tu'r
564 1744 926 1831 cadendo
961 1772 1068 1829 ex
1110 1748 1186 1830 B
1218 1747 1580 1861 adusque
1613 1748 2008 1861 punctum·
2039 1746 2381 1859 ipsarum
2420 1751 2826 1835 contactus
2848 1814 2871 1854 ,
2929 1780 3089 1833 ma-

395 1859 571 1969 jora
609 1856 842 1943 fimul
877 1879 1108 1943 erunt
1143 1878 1500 1971 tempore
1536 1888 1680 1973 per
1717 1886 1982 1942 arcum
2025 1860 2094 1943 B
2141 1860 2208 1941 E
2249 1857 2430 1971 post
2470 1860 2563 1942 N
2608 1861 2701 1943 B.
2790 1864 3089 1946 Eadem

410 1996 608 2053 vero
649 1980 732 2055 &
773 1972 1074 2055 nunora
1109 1967 1352 2059 ess‘ent
1369 2036 1395 2077 ,
1451 1994 1544 2055 ut
1584 1998 1796 2055 nunc
1829 1967 2351 2055 ostendemus.

527 2082 1154 2176 Confiderentur
1185 2084 1391 2167 enim
1428 2084 1695 2167 denuo
1735 2102 2092 2197 tempora
2129 2086 2401 2167 eadem
2438 2106 2807 2170 motuum
2826 2114 3093 2200 aequa·

405 2192 695 2295 bilium
727 2224 870 2308 per
908 2200 1317 2306 tangentes
1357 2194 1772 2308 cycloidiS.
1883 2198 1992 2281 Et
2051 2192 2164 2281 est
2185 2210 2190 2215 ’
2215 2199 2550 2309 ‘quidem
2605 2221 2911 2310 tempus
2952 2229 3110 2311 per·

413 2326 870 2420 tangentem
920 2309 1006 2393 V
1051 2309 1104 2389 S
1164 2333 1348 2390 cum
1405 2307 1798 2393 celeritate
1849 2334 1951 2391 ex
2005 2302 2072 2393 B
2123 2309 2174 2391 S
2216 2374 2243 2415 ‚
2318 2309 2419 2393 ad
2456 2331 2762 2423 tempus
2800 2340 2942 2422 per
2979 2340 3099 2395 re-

414 2416 625 2501 &am
667 2420 735 2502 B
780 2434 851 2503 A
910 2447 1095 2502 cum
1155 2419 1555 2504 celeritate
1611 2422 1946 2505 dimidia
1979 2448 2082 2505 ex
2125 2420 2190 2501 F
2231 2424 2309 2504 A
2358 2478 2384 2519 ,
2457 2444 2549 2505 ut
2585 2445 2913 2535 tangens
2950 2422 3105 2507 cirss

415 2528 942 2614 cumferentiae
983 2544 1058 2615 Δ
1105 2529 1192 2612 Χ
1228 2531 1335 2612 ad
1378 2553 1682 2643 partem
1725 2535 1890 2615 axis
1936 2531 2006 2616 F
2052 2534 2120 2615 P
2145 2534 2222 2612 ἥ.
2336 2532 2871 2644 Similiterque
2908 2558 3099 2617 tem·
3120 2570 3153 2605 ι·
3180 2574 3319 2687 ⁹0¹3*

415 2668 574 2752 pus
619 2670 756 2753 per
795 2662 928 2725 tan
986 2660 1246 2727 entem
1285 2642 1390 2725 M
1429 2642 1518 2723 T
1541 2700 1569 2741 ,
1624 2671 1808 2726 cum
1845 2643 2242 2727 celeritate
2281 2671 2382 2727 ex
2422 2645 2491 2727 B
2538 2644 2623 2727 T
2662 2702 2689 2744 ‚
2766 2648 2867 2728 ad
2907 2667 3101 2729 tem·
3116 2648 3205 2765 ξ’*
3292 2664 3313 2683 ·

415 2780 571 2864 pus
630 2780 777 2864 per
835 2782 915 2837 re
997 2782 1120 2838 am
1159 2764 1226 2837 A
1283 2766 1348 2839 Ξ
1387 2781 1568 2836 cum
1606 2756 1881 2839 eadem
1920 2756 2252 2840 dimidia
2291 2754 2687 2841 'celeritate
2725 2785 2827 2841 ex
2874 2758 2937 2839 F
2978 2762 3107 2866 Ag

419 2883 512 2947 ut
549 2886 878 2981 tangens
919 2876 982 2949 Γ
1025 2876 1097 2953 Σ
1142 2863 1246 2948 ad
1283 2862 1572 2948 reikam
1620 2865 1686 2948 P
1729 2871 1842 2975 Q
1936 2870 2208 2977 Atque
2249 2868 2359 2949 ita
2398 2869 2771 2980 deinceps
2812 2868 3113 2981 fingula

413 2994 776 3089 tempora
815 2982 956 3089 per
998 2996 1410 3089 tangentes
1444 2977 1833 3090 cycloidis
1879 3041 1910 3083 ,
1986 3005 2166 3088 quae
2226 2976 2409 3059 sunt
2442 2980 2713 3061 eadem
2760 2978 3119 3090 supradi-

417 3088 566 3171 &is
604 3144 633 3186 ,
703 3110 934 3173 erunt
989 3089 1095 3171 ad
1160 3109 1522 3199 tempora
1583 3111 1845 3171 motus
1898 3086 2307 3197 oequabilis
2350 3115 2488 3199 per
2528 3112 2787 3199 partes
2828 3090 2966 3172 fibi
3005 3120 3119 3174 re-

413 3200 918 3312 spondentes·
947 3199 1176 3284 reeta:
1219 3199 1287 3282 B
1336 3198 1382 3281 Ι
1417 3226 1602 3281 cum
1646 3199 2040 3284 celeritate
2082 3198 2418 3284 dimidia
2455 3227 2556 3282 ex
2599 3202 2664 3283 B
2716 3217 2784 3285 Θ
2832 3258 2859 3299 ,
2920 3201 3118 3287 ficut

415 3332 827 3424 tangentes
885 3308 1542 3395 circumferentiae
1609 3310 1684 3395 F
1737 3314 1825 3395 H
1866 3376 1894 3416 ,
1980 3311 2264 3395 iisdem
2326 3312 2713 3422 parallelis
2754 3341 3115 3428 compre-

416 3422 673 3508 hensae
695 3487 724 3529 ,
777 3425 882 3508 ad
923 3442 1182 3537 partes
1219 3422 1448 3507 rectae
1489 3420 1559 3505 F
1607 3422 1689 3505 G
1732 3423 1758 3503 i
1821 3423 1914 3507 fis
1953 3423 2084 3508 res
2131 3422 2540 3508 ondentes.
3089 3462 3097 3478 ·

525 3536 732 3619 Sunt
768 3538 1030 3649 igitur.
1048 3537 1522 3647 quantitates
1625 3563 1742 3617 uae
1806 3564 1932 3620 am
1973 3538 2096 3619 rec
2133 3565 2197 3619 ιε
2243 3535 2313 3617 F
2352 3535 2467 3641 P,
2526 3536 2593 3620 P
2630 3538 2773 3649 Q,
2831 3546 2981 3623 &c.
3033 3546 3118 3624 &

411 3647 750 3731 totidem
803 3647 975 3733 aliae
1019 3710 1046 3751 ,
1140 3668 1502 3759 tempora
1589 3646 1882 3729 cilicet·
1917 3649 2208 3758 quibus
2270 3673 2830 3761 percurruntur
2884 3652 3116 3734 restae

409 3758 485 3843 B
533 3772 606 3841 A
649 3822 678 3864 ‚
758 3772 832 3841 A·
874 3772 951 3846 Ξ
986 3766 1119 3842 &c
1155 3821 1182 3862 ,
1257 3778 1482 3841 motu
1521 3759 1915 3868 'aequabili
1957 3789 2154 3859 ‚cum
2209 3760 2607 3842 celeritate
2642 3759 2975 3845 dimidia
3008 3786 3116 3844 ex

405 3868 480 3952 B
523 3884 647 3971 &5
707 3868 821 3953 Et
838 3896 1336 3982 unaquaeque
1379 3872 1776 3979 quantitas
1816 3872 1899 3953 in
1937 3870 2327 3984 prioribus
2366 3871 2469 3953 ad
2520 3868 2973 3980 sequentem
2989 3900 3117 3955 ea-

414 3982 604 4064 dem
645 3982 1166 4094 proportione
1207 3977 1541 4067 refertur
1583 4035 1607 4076 ‚
1701 4009 1863 4092 qua
1900 4008 2403 4094 unaquaeque
2452 3975 2969 4093 posterior-‘um
3011 3986 3147 4079 ad„

409 4092 632 4181 suam
651 4092 1100 4203 sequentem
1119 4140 1145 4194 3
1189 4091 1367 4176 sunt
1412 4093 1620 4175 enim
1656 4095 2079 4206 utrobique
2119 4097 2322 4177 inter
2363 4093 2439 4177 se
2478 4094 2839 4205 aequ'ales.
2900 4099 3109 4204 Qui·

409 4205 554 4287 bus
596 4222 858 4286 autem
899 4206 1554 4316 proportionibus
1599 4208 1896 4317 priores
1954 4204 2429 4317 quantitates
2500 4207 2604 4290 ad
2634 4208 2831 4303 'alias
2880 4234 3115 4317 quas-

407 4316 637 4407 dam,
701 4316 1128 4429 nempe·ad
1173 4330 1578 4427 tangentes
1622 4319 1901 4401 circuli
1945 4334 2020 4402 Δ
2064 4332 2130 4401 Χ
2150 4356 2196 4421 ,⁹
2235 4325 2297 4399 Γ
2347 4328 2415 4405 Σ
2440 4374 2467 4417 ,
2526 4326 2702 4423 sec,
2756 4315 3106 4401 refierun·
3245 4315 3253 4326 ’

405 4448 538 4509 tur
561 4490 588 4531 ‚
642 4426 922 4511 iisdem
955 4417 1612 4540 'proportionibus
1655 4438 1738 4513 δὲ
1775 4430 2056 4511 eodem
2097 4428 2378 4513 ordine
2419 4429 2879 4543 posteriores
2900 4458 3105 4540 quo-

411 4562 576 4651 que
617 4536 1052 4628 referuntur
1087 4541 1188 4624 ad
1225 4539 1412 4625 alias
1450 4540 1829 4651 quasdam
1870 4605 1898 4649 ,
1979 4566 2263 4738 nemlpe
2306 4542 2407 4625 ad
2446 4563 2805 4655 tempora
2841 4561 3111 4624 motus

1637 4680 1642 4687 ’
2259 4680 2303 4736 2
2915 4678 3115 4765 qua-2
3220 4702 3231 4711 ·
