4517 5784
1029 141 1048 188 Ι

882 480 1647 574 HouoLoo.
1759 477 2763 580 oscILLATOR.
3044 459 3185 607 '43

457 624 691 744 poris
729 622 1176 736 aequatoria
1212 647 1464 734 quam
1501 618 1954 731 subjicimus
1991 683 2021 726 ‚
2095 620 2591 736 intelligetur
2630 673 2659 729 ⁵
2756 621 3175 738 postquam
3192 639 3459 754 ἓξὲξ.

467 741 701 826 usum
735 741 906 851 ejus
948 733 1518 820 ostenderimus
1532 785 1566 832 ,
1621 733 1768 843 qui
1807 731 1920 818 est
1959 733 2441 844 hujusmodi.
3188 778 3449 832 ιοιοοιι.

582 851 1058 966 Accipiatur
1111 845 1466 959 aequatio
1503 844 1794 932 tabulae
1837 911 1866 956 ,
1941 846 2319 962 aflignata
2373 849 2539 936 diei
2598 877 2762 962 qua
2822 853 3169 964 primum

469 991 658 1049 cum
696 963 864 1048 sole
881 1020 914 1065 ,
967 959 1132 1048 five
1169 987 1355 1044 cum
1395 956 1870 1043 sciotherico
1908 1016 1939 1059 ,
2022 959 2538 1077 horologium
2574 986 2669 1048 ut
2704 967 3169 1051 conveniret

462 1075 830 1162 fecimus.
953 1076 1327 1186 Itemque
1371 1073 1724 1183 aequat'io
1762 1073 1928 1162 diei
1963 1137 1994 1184 ,
2071 1099 2240 1186 qua
2276 1077 2660 1187 quaeritur
2688 1105 2929 1190 quam
2967 1077 3167 1166 ben‘c

463 1191 575 1277 ad
608 1190 926 1284 dietum
963 1185 1402 1270 mensuram
1437 1185 1961 1297 temperatum
1997 1183 2118 1269 fit.
2200 1191 2459 1302 Qod
2496 1188 2552 1272 fi
2594 1194 2761 1302 jam
2798 1193 3018 1304 prior
3060 1223 3164 1278 ae-
3211 1260 3225 1266 -

457 1303 751 1414 quatio
793 1305 1038 1414 major
1070 1297 1314 1383 fuerit
1361 1298 1737 1412 sequente
1773 1363 1804 1405 ,
1881 1297 2248 1412 superare
2312 1299 2628 1386 debebit
2682 1300 2877 1386 hora
2931 1325 3177 1390 auto--

457 1415 672 1503 mati
703 1411 974 1500 horam
1125 1411 1442 1499 omonis
1479 1439 1581 1498 eo
1597 1467 1628 1510 ‚
1701 1438 1876 1522 quo
1910 1413 2118 1504 inter
2159 1411 2238 1501 se
2276 1415 2764 1528 aequationes
2801 1413 2965 1502 istae
3008 1418 3167 1502 dis.

455 1521 752 1610 ferunt.
839 1528 960 1613 At
1029 1554 1058 1608 1
1096 1519 1548 1639 posterioris
1589 1523 1751 1608 diei
1793 1526 2148 1638 aequatio
2183 1531 2449 1639 major·
2470 1527 2911 1611 inveniatur
2928 1593 2957 1635 ,
3012 1533 3165 1617 erit
3258 1557 3263 1562 ·

453 1635 727 1722 excess‘
718 1667 810 1723 us
853 1666 1094 1754 penes
1135 1637 1409 1722 horam
1451 1637 1871 1752 gnomonis
1906 1701 1936 1744 ,
2011 1636 2172 1724 five
2225 1667 2400 1724 eam
2452 1667 2634 1750 quae
2671 1666 2773 1724 ex
2817 1640 2981 1726 sole
3020 1645 3161 1725 ob-

457 1744 866 1835 servaturq
953 1753 1085 1836 Ut
1123 1749 1181 1833 fi
1221 1806 1249 1850 ,
1325 1777 1558 1834 exem
1625 1749 1694 1833 li'
1728 1751 2049 1864 gratia&
2124 1751 2260 1834 die
2300 1753 2676 1866 5.Martii
2716 1754 2795 1836 in
2830 1756 3161 1844 eandem

457 1855 737 1944 horam
797 1861 1290 1948 conveniant
1348 1861 1550 1948 sciot
1607 1865 1909 1966 ericum
1959 1853 2477 1976 horologium
2520 1886 2601 1946 at
2664 1893 2763 1951 ue
2798 1887 3150 1950 automa-

463 1989 612 2056 ton
633 2038 662 2079 ‚
718 1980 943 2087 cujus
985 1975 1153 2060 diei
1195 1973 1541 2086 aequatio
1579 1977 1987 2078 invenitur
2006 2030 2037 2075 ,
2089 1977 2175 2074 in
2218 1975 2526 2082 tabula,
2634 1976 3161 2090 crupulorum

461 2085 910 2195 primorum
957 2114 1033 2198 3,
1070 2085 1592 2173 secundorum
1639 2113 1675 2170 1
1694 2115 1759 2170 1.
1801 2085 2230 2198 lubeatque
2264 2087 2456 2172 scire
2490 2089 2839 2199 ejusdem
2877 2090 3157 2178 menfis

454 2195 598 2280 die
665 2225 802 2306 20,
859 2229 958 2284 an
1017 2220 1476 2285 automaton
1531 2196 1760 2282 horas
1821 2200 2162 2311 aequales
2204 2200 2423 2286 recte
2458 2204 2825 2285 metiatur
2865 2229 3155 2290 necne:

457 2306 918 2396 invenietur
959 2311 1088 2396 die
1126 2309 1543 2424 posteriori
1578 2311 1981 2426 adscripta
2015 2312 2363 2425 aequatio
2404 2311 2951 2426 scrupulorum
2986 2316 3154 2428 pri·

465 2445 782 2506 morum
831 2445 880 2529 7
925 2478 954 2519 ‚
1029 2422 1555 2507 secundorum
1604 2447 1733 2532 27.
1775 2451 1956 2536 quae
1995 2427 2184 2535 quia
2223 2422 2536 2536 superat
2578 2427 3157 2538 praecedentem

465 2529 856 2646 scrupulis
893 2535 1168 2646 primis
1205 2562 1264 2644 4
1301 2599 1331 2644 ‚
1408 2535 1769 2622 secundis
1817 2539 1921 2638 15
1949 2599 1982 2640 ‚
2055 2535 2373 2618 debebit
2431 2556 2660 2618 tanto
2711 2534 2947 2626 serior
3004 2538 3156 2624 efl‘e

459 2641 667 2730 hora
702 2644 1149 2734 sciotherici
1168 2709 1198 2753 ‚
1251 2643 1500 2758 quam
1537 2675 1724 2759 quae
1757 2668 2170 2732 automato
2207 2647 2624 2732 indicatur.
2734 2649 2987 2736 Unde
3010 2713 3037 2754 ,
3094 2649 3154 2735 fi

451 2755 862 2843 diversum
893 2759 1328 2873 reperiatur
1343 2825 1372 2866 ‚
1429 2757 1666 2844 facile
1704 2760 1892 2844 inde
1929 2757 2361 2875 colligetur
2377 2823 2405 2865 ,
2460 2780 2849 2870 quantum
2885 2761 2971 2844 in
2988 2763 3161 2850 dies

451 2863 810 2980 smgulos
845 2892 1243 2986 exuperet
1279 2891 1740 2956 automaton
1760 2937 1788 2978 ‚
1843 2893 1979 2954 aut
2022 2873 2384 2956 retardet.
2448 2898 2455 2904 ·
2552 2945 2557 2952 .
2596 2927 2606 2934 -

585 2982 684 3064 In
719 2984 1268 3098 computemda
1305 2982 1572 3068 tabula
1605 2982 1756 3068 hac
1797 2981 2208 3094 duplicem
2249 2979 2557 3066 causam
2597 2981 2926 3070 adhibui
2966 3045 2996 3090 ,
3070 3015 3163 3069 u-

457 3091 834 3206 tramque
870 3093 1366 3181 Astronomis
1403 3115 1679 3178 notam
1715 3147 1748 3191 ,
1835 3091 2264 3206 Eclipticae
2304 3094 2683 3178 nimirum
2724 3093 2891 3178 obli
2957 3097 3159 3181 uita-

455 3224 622 3291 tem
640 3263 672 3305 ,
731 3215 813 3296 Sc
851 3207 1116 3296 solaris
1155 3227 1436 3294 motus
1463 3203 1956 3291 anomalum.
2015 3205 2279 3400 Ἣοά
2318 3232 2503 3292 cum
2539 3205 2742 3289 ratio
2781 3235 2893 3318 po
2962 3207 3164 3316 ulat,

455 3337 634 3403 tum
685 3321 1180 3434 experientia
1236 3345 1574 3431 quoque
1610 3378 1638 3423 ,
1715 3316 1838 3402 his
1879 3315 2069 3429 ipfis
2165 3317 2550 3430 orologiis
2592 3315 3161 3429 superstructa,

451 3455 810 3542 quaeque
845 3429 1007 3516 fine
1041 3433 1166 3516 his
1207 3457 1705 3544 nequaquam
1743 3427 2015 3514 haberi
2060 3450 2377 3544 poterat
2396 3491 2427 3535 ,
2480 3430 2778 3512 evinci-t
2799 3475 2830 3530 3
2908 3459 3165 3542 quan-

447 3543 898 3655 doquidem
919 3601 952 3646 ‚
1010 3574 1192 3630 cum
1232 3545 1683 3660 aequatione
1719 3540 1858 3625 hic
1897 3539 2308 3655 proposita
2326 3606 2355 3646 ‚
2411 3541 2997 3650 observationes
3038 3546 3164 3628 so-

449 3653 604 3766 lis,
662 3682 862 3765 quas
905 3657 1114 3773 saepe
1159 3685 1302 3768 per
1337 3645 1783 3767 complures
1821 3653 2114 3739 menses
2157 3717 2185 3759 ‚
2255 3653 2627 3778 quotidie
2664 3653 2771 3735 ad
2806 3683 3165 3741 momen-

453 3787 632 3852 tum
669 3794 838 3878 quo
874 3769 1396 3864 meridianum
1433 3763 1828 3862 circulum
1869 3763 2005 3860 sol„
2026 3788 2540 3883 occuparet,
2628 3761 3161 3868 instituimus,

451 3878 902 3993 planiffimc
937 3881 1374 3970 consentite
1413 3880 1759 3974 invcntae
1797 3876 1998 3968 sunt.
2716 3936 2724 3945 -

2095 4659 2281 4750 Fa
